
@book{williams2005,
	title = {The Social Outcast : Ostracism, Social Exclusion, Rejection, and Bullying},
	author = {{Williams}, {Kipling D.} and {Forgas}, {Joseph P.} and {Hippel}, {William Von} and {Forgas}, {Joseph P.} and {Hippel}, {William Von}},
	year = {2005},
	date = {2005},
	publisher = {Psychology Press},
	doi = {10.4324/9780203942888},
	url = {https://www.taylorfrancis.com/books/9781135423384},
	note = {DOI: 10.4324/9780203942888},
	langid = {en}
}

@article{vanlooy2012,
	title = {Player Identification in Online Games: Validation of a Scale for Measuring Identification in MMOGs},
	author = {{Van Looy}, {Jan} and {Courtois}, {Cédric} and {Vocht}, {Melanie De} and {Marez}, {Lieven De}},
	year = {2012},
	month = {05},
	date = {2012-05-18},
	journal = {Media Psychology},
	pages = {197--221},
	volume = {15},
	number = {2},
	doi = {10.1080/15213269.2012.674917},
	url = {https://doi.org/10.1080/15213269.2012.674917},
	note = {Publisher: Routledge
{\_}eprint: https://doi.org/10.1080/15213269.2012.674917}
}

@article{schramm2008,
	title = {The PSI-Process Scales. A new measure to assess the intensity and breadth of parasocial processes},
	author = {{Schramm}, {Holger} and {Hartmann}, {Tilo}},
	year = {2008},
	month = {01},
	date = {2008-01},
	journal = {Communications},
	volume = {33},
	number = {4},
	doi = {10.1515/COMM.2008.025},
	url = {https://www.degruyter.com/view/j/comm.2008.33.issue-4/comm.2008.025/comm.2008.025.xml},
	note = {tex.ids: schramm2008a},
	langid = {en}
}

@article{anderson2010,
	title = {Violent video game effects on aggression, empathy, and prosocial behavior in Eastern and Western countries: A meta-analytic review},
	author = {{Anderson}, {Craig A.} and {Shibuya}, {Akiko} and {Ihori}, {Nobuko} and {Swing}, {Edward L.} and {Bushman}, {Brad J.} and {Sakamoto}, {Akira} and {Rothstein}, {Hannah R.} and {Saleem}, {Muniba}},
	year = {2010},
	month = {03},
	date = {2010-03},
	journal = {Psychological Bulletin},
	pages = {151--173},
	volume = {136},
	number = {2},
	doi = {10.1037/a0018251},
	url = {http://search.ebscohost.com/login.aspx?direct=true&db=psyh&AN=2010-03383-001&site=ehost-live}
}

@article{hilgard2017,
	title = {Overstated evidence for short-term effects of violent games on affect and behavior: A reanalysis of Anderson et al. (2010)},
	author = {{Hilgard}, {Joseph} and {Engelhardt}, {Christopher R.} and {Rouder}, {Jeffrey N.}},
	year = {2017},
	date = {2017},
	journal = {Psychological Bulletin},
	pages = {757--774},
	volume = {143},
	number = {7},
	doi = {10.1037/bul0000074},
	note = {Place: US
Publisher: American Psychological Association}
}

@article{wesselmann2013,
	title = {When do we ostracize?},
	author = {{Wesselmann}, {Eric D.} and {Wirth}, {James H.} and {Pryor}, {John B.} and {Reeder}, {Glenn D.} and {Williams}, {Kipling D.}},
	year = {2013},
	month = {01},
	date = {2013-01},
	journal = {Social Psychological and Personality Science},
	pages = {108--115},
	volume = {4},
	number = {1},
	doi = {10.1177/1948550612443386}
}

@article{hales2016,
	title = {Prayer, self-affirmation, and distraction improve recovery from short-term ostracism},
	author = {{Hales}, {Andrew H.} and {Wesselmann}, {Eric D.} and {Williams}, {Kipling D.}},
	year = {2016},
	month = {05},
	date = {2016-05-01},
	journal = {Journal of Experimental Social Psychology},
	pages = {8--20},
	volume = {64},
	doi = {10.1016/j.jesp.2016.01.002},
	url = {http://www.sciencedirect.com/science/article/pii/S0022103116300026},
	note = {tex.ids: hales2016a}
}

@misc{nadzan2019,
	title = {Threats to Belonging: Understanding the impact of relational closeness},
	author = {{Nadzan}, {Megan A.} and {Jaremka}, {Lisa M.} and {Sunami}, {Naoyuki}},
	year = {2019},
	month = {04},
	date = {2019-04},
	address = {Chicago, IL}
}

@article{troisi2011,
	title = {Chicken soup really is good for the soul: {\textquotedblleft}comfort food{\textquotedblright} fulfills the need to belong},
	author = {{Troisi}, {Jordan D.} and {Gabriel}, {Shira}},
	year = {2011},
	month = {06},
	date = {2011-06},
	journal = {Psychological Science},
	pages = {747--753},
	volume = {22},
	number = {6},
	doi = {10.1177/0956797611407931}
}

@article{troisi2015,
	title = {Threatened belonging and preference for comfort food among the securely attached},
	author = {{Troisi}, {Jordan D.} and {Gabriel}, {Shira} and {Derrick}, {Jaye L.} and {Geisler}, {Alyssa}},
	year = {2015},
	month = {07},
	date = {2015-07-01},
	journal = {Appetite},
	pages = {58--64},
	volume = {90},
	doi = {10.1016/j.appet.2015.02.029},
	note = {PMID: 25728881},
	langid = {eng}
}

@incollection{williams2009,
	location = {San Diego, {CA} {US}},
	title = {Ostracism: A temporal need-threat model},
	isbn = {978-0-12-374472-2},
	series = {Advances in experimental social psychology},
	shorttitle = {Ostracism},
	pages = {275--314},
	booktitle = {Advances in experimental social psychology, Vol 41.},
	publisher = {Elsevier Academic Press},
	author = {Williams, Kipling D.},
	editor = {Zanna, Marc P.},
	date = {2009},
	note = {tex.ids: williams2009a},
	file = {Williams - 2009 - Ostracism A temporal need-threat model.pdf:C\:\\Users\\Nami Sunami\\Zotero\\storage\\4EFBMRXQ\\Williams - 2009 - Ostracism A temporal need-threat model.pdf:application/pdf},
}

@article{koo2016,
	title = {A Guideline of Selecting and Reporting Intraclass Correlation Coefficients for Reliability Research},
	author = {{Koo}, {Terry K.} and {Li}, {Mae Y.}},
	year = {2016},
	month = {06},
	date = {2016-06},
	journal = {Journal of Chiropractic Medicine},
	pages = {155--163},
	volume = {15},
	number = {2},
	doi = {10.1016/j.jcm.2016.02.012},
	url = {https://www.ncbi.nlm.nih.gov/pmc/articles/PMC4913118/},
	note = {tex.ids: koo2016a
PMCID: PMC4913118
PMID: 27330520}
}

@article{wesselmann2012,
	title = {Dial a feeling: Detecting moderation of affect decline during ostracism},
	author = {{Wesselmann}, {Eric D.} and {Wirth}, {James H.} and {Mroczek}, {Daniel K.} and {Williams}, {Kipling D.}},
	year = {2012},
	month = {10},
	date = {2012-10},
	journal = {Personality and Individual Differences},
	pages = {580--586},
	volume = {53},
	number = {5},
	doi = {10.1016/j.paid.2012.04.039}
}

@article{baumeister1995,
	title = {The need to belong: Desire for interpersonal attachments as a fundamental human motivation},
	author = {{Baumeister}, {Roy F.} and {Leary}, {Mark R.}},
	year = {1995},
	month = {05},
	date = {1995-05},
	journal = {Psychological Bulletin},
	pages = {497--529},
	volume = {117},
	number = {3},
	doi = {10.1037/0033-2909.117.3.497},
	url = {http://search.ebscohost.com/login.aspx?direct=true&db=psyh&AN=1995-29052-001&site=ehost-live},
	note = {tex.ids: baumeister1995a}
}

@article{maslow1943,
	title = {A theory of human motivation},
	author = {{Maslow}, {A.}},
	year = {1943},
	date = {1943},
	journal = {Psychological Review},
	pages = {370--396},
	volume = {50},
	number = {4},
	doi = {10.1037/h0054346},
	note = {tex.ids: maslow1943a},
	langid = {English}
}

@article{bradley1994,
	title = {Measuring emotion: the Self-Assessment Manikin and the Semantic Differential},
	author = {{Bradley}, {M. M.} and {Lang}, {Peter J.}},
	year = {1994},
	month = {03},
	date = {1994-03},
	journal = {Journal of Behavior Therapy and Experimental Psychiatry},
	pages = {49--59},
	volume = {25},
	number = {1},
	note = {tex.ids: bradley1994a
PMID: 7962581},
	langid = {eng}
}

@article{russell1996,
	title = {UCLA Loneliness Scale (Version 3): Reliability, validity, and factor structure},
	author = {{Russell}, {Daniel W.}},
	year = {1996},
	month = {02},
	date = {1996-02},
	journal = {Journal of Personality Assessment},
	pages = {20--40},
	volume = {66},
	number = {1},
	doi = {10.1207/s15327752jpa6601_2},
	url = {http://search.ebscohost.com/login.aspx?direct=true&db=psyh&AN=1996-00412-002&site=ehost-live},
	note = {tex.ids: russell1996a}
}

@article{sunami2019,
	title = {Does the prospect of fulfilling belonging affect social responses to rejection? A conceptual replication attempt},
	author = {{Sunami}, {Naoyuki} and {Nadzan}, {Megan A.} and {Jaremka}, {Lisa M.}},
	year = {2019},
	month = {04},
	date = {2019-04},
	journal = {Social Psychological and Personality Science},
	pages = {307--316},
	volume = {10},
	number = {3},
	doi = {10.1177/1948550618762301},
	url = {http://journals.sagepub.com/doi/10.1177/1948550618762301},
	note = {tex.ids: sunami2019a},
	langid = {en}
}

@article{twenge2003,
	title = {{\textquotedblleft}Isn{\textquoteright}t it fun to get the respect that we{\textquoteright}re going to deserve?{\textquotedblright} narcissism, social rejection, and aggression},
	author = {{Twenge}, {Jean M.} and {Campbell}, {W. Keith}},
	year = {2003},
	month = {02},
	date = {2003-02-01},
	journal = {Personality and Social Psychology Bulletin},
	pages = {261--272},
	volume = {29},
	number = {2},
	doi = {10.1177/0146167202239051},
	url = {http://psp.sagepub.com/content/29/2/261},
	note = {tex.ids: twenge2003a
PMID: 15272953},
	langid = {en}
}

@article{bradley1994a,
	title = {Measuring emotion: the Self-Assessment Manikin and the Semantic Differential},
	author = {{Bradley}, {M. M.} and {Lang}, {Peter J.}},
	year = {1994},
	month = {03},
	date = {1994-03},
	journal = {Journal of Behavior Therapy and Experimental Psychiatry},
	pages = {49--59},
	volume = {25},
	number = {1},
	note = {tex.ids: bradley1994a
PMID: 7962581},
	langid = {eng}
}

@inbook{lang1980,
	title = {Behavioral treatment and bio-behavioral assessment: computer applications},
	author = {{Lang}, {Peter J.}},
	editor = {{Sidowski}, {JB} and {Johnson}, {JH} and {Williams}, {TA}},
	year = {1980},
	date = {1980},
	publisher = {Ablex},
	pages = {119--l37},
	note = {tex.ids: lang1980a}
}

@article{boateng2018,
	title = {Best Practices for Developing and Validating Scales for Health, Social, and Behavioral Research: A Primer},
	author = {{Boateng}, {Godfred O.} and {Neilands}, {Torsten B.} and {Frongillo}, {Edward A.} and {Melgar-Quiñonez}, {Hugo R.} and {Young}, {Sera L.}},
	year = {2018},
	month = {06},
	date = {2018-06-11},
	journal = {Frontiers in Public Health},
	volume = {6},
	doi = {10.3389/fpubh.2018.00149},
	url = {https://www.ncbi.nlm.nih.gov/pmc/articles/PMC6004510/},
	note = {tex.ids: boateng2018a
PMCID: PMC6004510
PMID: 29942800}
}

@article{sunami2019a,
	title = {The bi{-}dimensional rejection taxonomy: Organizing responses to interpersonal rejection along antisocial{\textendash}prosocial and engaged{\textendash}disengaged dimensions},
	author = {{Sunami}, {Naoyuki} and {Nadzan}, {Megan A.} and {Jaremka}, {Lisa M.}},
	year = {2019},
	month = {09},
	date = {2019-09},
	journal = {Social and Personality Psychology Compass},
	volume = {13},
	number = {9},
	doi = {10.1111/spc3.12497},
	url = {https://onlinelibrary.wiley.com/doi/abs/10.1111/spc3.12497},
	note = {tex.ids: sunami2019b},
	langid = {en}
}

@inproceedings{bopp2019,
	title = {CHI PLAY '19: The Annual Symposium on Computer-Human Interaction in Play},
	author = {{Bopp}, {Julia Ayumi} and {Müller}, {Livia J.} and {Aeschbach}, {Lena Fanya} and {Opwis}, {Klaus} and {Mekler}, {Elisa D.}},
	year = {2019},
	month = {10},
	date = {2019-10-17},
	publisher = {ACM},
	pages = {313--324},
	doi = {10.1145/3311350.3347169},
	url = {https://dl.acm.org/doi/10.1145/3311350.3347169},
	note = {tex.ids: bopp2019a},
	address = {Barcelona Spain},
	langid = {en}
}

@article{burgess2020a,
	title = {I harbour strong feelings for tali despite her being a fictional character{\textquotedblright}: Investigating videogame players{\textquoteright} emotional attachments to non-player characters},
	author = {{Burgess}, {J.} and {Jones}, {C.}},
	year = {2020},
	date = {2020},
	journal = {Game Studies},
	volume = {20},
	number = {1},
	url = {http://gamestudies.org/2001/articles/burgessjones},
	note = {Citation Key: burgess2020a},
	langid = {English}
}

@inproceedings{poretski2019,
	title = {the 2019 CHI Conference},
	author = {{Poretski}, {Lev} and {Arazy}, {Ofer} and {Lanir}, {Joel} and {Shahar}, {Shalev} and {Nov}, {Oded}},
	year = {2019},
	date = {2019},
	publisher = {ACM Press},
	pages = {1--13},
	doi = {10.1145/3290605.3300921},
	url = {http://dl.acm.org/citation.cfm?doid=3290605.3300921},
	note = {tex.ids: poretski2019a},
	address = {Glasgow, Scotland Uk},
	langid = {en}
}

@inproceedings{tyack2017,
	title = {Exploring relatedness in single-player video game play},
	author = {{Tyack}, {April} and {Wyeth}, {Peta}},
	year = {2017},
	month = {11},
	date = {2017-11-28},
	publisher = {Association for Computing Machinery},
	pages = {422{\textendash}427},
	series = {OZCHI '17},
	doi = {10.1145/3152771.3156149},
	url = {https://doi.org/10.1145/3152771.3156149},
	note = {tex.ids: tyack2017a},
	address = {Brisbane, Queensland, Australia}
}


@article{simons2017,
	title = {Constraints on Generality (COG): A Proposed Addition to All Empirical Papers},
	author = {{Simons}, {Daniel J.} and {Shoda}, {Yuichi} and {Lindsay}, {D. Stephen}},
	year = {2017},
	month = {11},
	date = {2017-11-01},
	journal = {Perspectives on Psychological Science},
	pages = {1123--1128},
	volume = {12},
	number = {6},
	doi = {10.1177/1745691617708630},
	url = {https://doi.org/10.1177/1745691617708630},
	note = {tex.ids: simons2017a}
}

@inbook{gabriel2017,
	location = {New York, {NY}},
	title = {Social Surrogates and Rejection: How Reading, Watching {TV}, and Eating Comfort Food Can Ease the Pain of Social Isolation},
	isbn = {978-1-315-30846-3},
	booktitle = {Ostracism, Exclusion, and Rejection},
	publisher = {Routledge},
	author = {Gabriel, Shira and Valenti, Jennifer},
	bookauthor = {Williams, Kipling D. and Nida, Steve A.},
	date = {2017},
	note = {tex.ids: gabriel2017a},
	file = {Gabriel and Valenti - 2017 - Social Surrogates and Rejection How Reading, Watc.pdf:C\:\\Users\\Nami Sunami\\Zotero\\storage\\855UHNTH\\Gabriel and Valenti - 2017 - Social Surrogates and Rejection How Reading, Watc.pdf:application/pdf},
}

@article{nintendo2020a,
	title = {Animal crossing: New horizons},
	author = {{Nintendo}, {E.P.D.}},
	year = {2020},
	date = {2020},
	note = {Citation Key: nintendo2020a},
	langid = {English}
}

@article{nintendo2012a,
	title = {Animal crossing: New leaf},
	author = {{Nintendo}, {E.A.D.}},
	year = {2012},
	date = {2012},
	note = {Citation Key: nintendo2012a},
	langid = {English}
}

@book{cdprojektred2015,
	title = {The Witcher 3: Wild Hunt},
	author = {{CD Projekt Red}, {}},
	year = {2015},
	date = {2015}
}

@book{cdprojektred2007,
	title = {The Witcher},
	author = {{CD Projekt Red}, {}},
	year = {2007},
	date = {2007}
}

@article{cacioppo2006,
	title = {Loneliness as a specific risk factor for depressive symptoms: Cross-sectional and longitudinal analyses},
	author = {{Cacioppo}, {John T.} and {Hughes}, {Mary Elizabeth} and {Waite}, {Linda J.} and {Hawkley}, {Louise C.} and {Thisted}, {Ronald A.}},
	year = {2006},
	month = {03},
	date = {2006-03},
	journal = {Psychology and Aging},
	pages = {140--151},
	volume = {21},
	number = {1},
	doi = {10.1037/0882-7974.21.1.140},
	url = {http://search.ebscohost.com/login.aspx?direct=true&db=psyh&AN=2006-03906-014&site=ehost-live},
	note = {tex.ids: cacioppo2006a}
}

@article{hawkley2010,
	title = {Loneliness predicts increased blood pressure: 5-year cross-lagged analyses in middle-aged and older adults},
	author = {{Hawkley}, {Louise C.} and {Thisted}, {Ronald A.} and {Masi}, {Christopher M.} and {Cacioppo}, {John T.}},
	year = {2010},
	date = {2010},
	journal = {Psychology and Aging},
	pages = {132--141},
	volume = {25},
	number = {1},
	doi = {10.1037/a0017805},
	langid = {English}
}

@article{jaremka2013,
	title = {Loneliness predicts pain, depression, and fatigue: Understanding the role of immune dysregulation},
	author = {{Jaremka}, {Lisa M.} and {Fagundes}, {Christopher P.} and {Glaser}, {Ronald} and {Bennett}, {Jeanette M.} and {Malarkey}, {William B.} and {Kiecolt-Glaser}, {Janice K.}},
	year = {2013},
	month = {08},
	date = {2013-08},
	journal = {Psychoneuroendocrinology},
	pages = {1310--1317},
	volume = {38},
	number = {8},
	doi = {10.1016/j.psyneuen.2012.11.016},
	url = {http://www.ncbi.nlm.nih.gov/pmc/articles/PMC3633610/},
	note = {tex.ids: jaremka2013a
PMCID: PMC3633610
PMID: 23273678}
}

@article{nezlek2012,
	title = {Ostracism in Everyday Life},
	author = {{Nezlek}, {John B.} and {Wesselmann}, {Eric D.} and {Wheeler}, {Ladd} and {Williams}, {Kipling D.}},
	year = {2012},
	month = {05},
	date = {2012-05},
	journal = {Group Dynamics: Theory, Research, and Practice},
	doi = {10.1037/a0028029},
	url = {http://search.ebscohost.com/login.aspx?direct=true&db=psyh&AN=2012-12087-001&site=ehost-live},
	note = {tex.ids: nezlek2012a}
}

@article{chory2013,
	title = {Differences in Television Viewers{\textquoteright} Involvement: Identification with and Attraction to Liked, Disliked, and Neutral Characters},
	author = {{Chory}, {Rebecca M.}},
	year = {2013},
	month = {10},
	date = {2013-10-01},
	journal = {Communication Research Reports},
	pages = {293--305},
	volume = {30},
	number = {4},
	doi = {10.1080/08824096.2013.837041},
	url = {https://doi.org/10.1080/08824096.2013.837041},
	note = {{\_}eprint: https://doi.org/10.1080/08824096.2013.837041
tex.ids: chory2013a
publisher: Routledge}
}

@article{jennings2016,
	title = {Young Children{\textquoteright}s Positive and Negative Parasocial Relationships with Media Characters},
	author = {{Jennings}, {Nancy} and {Alper}, {Meryl}},
	year = {2016},
	month = {04},
	date = {2016-04-02},
	journal = {Communication Research Reports},
	pages = {96--102},
	volume = {33},
	number = {2},
	doi = {10.1080/08824096.2016.1154833},
	url = {https://doi.org/10.1080/08824096.2016.1154833},
	note = {{\_}eprint: https://doi.org/10.1080/08824096.2016.1154833
tex.ids: jennings2016a
publisher: Routledge}
}

@inproceedings{bopp2019a,
	title = {CHI PLAY '19: The Annual Symposium on Computer-Human Interaction in Play},
	author = {{Bopp}, {Julia Ayumi} and {Müller}, {Livia J.} and {Aeschbach}, {Lena Fanya} and {Opwis}, {Klaus} and {Mekler}, {Elisa D.}},
	year = {2019},
	month = {10},
	date = {2019-10-17},
	publisher = {ACM},
	pages = {313--324},
	doi = {10.1145/3311350.3347169},
	url = {https://dl.acm.org/doi/10.1145/3311350.3347169},
	note = {tex.ids: bopp2019a},
	address = {Barcelona Spain},
	langid = {en}
}

@article{banks2015,
	title = {Object, Me, Symbiote, Other: A social typology of player-avatar relationships},
	author = {{Banks}, {Jaime}},
	year = {2015},
	month = {02},
	date = {2015-02-04},
	journal = {First Monday},
	doi = {10.5210/fm.v20i2.5433},
	url = {https://firstmonday.org/ojs/index.php/fm/article/view/5433/4208},
	note = {tex.ids: banks2015a}
}

@article{banks2016,
	title = {Emotion, anthropomorphism, realism, control: Validation of a merged metric for player{\textendash}avatar interaction (PAX)},
	author = {{Banks}, {Jaime} and {Bowman}, {Nicholas David}},
	year = {2016},
	month = {01},
	date = {2016-01-01},
	journal = {Computers in Human Behavior},
	pages = {215--223},
	volume = {54},
	doi = {10.1016/j.chb.2015.07.030},
	url = {http://www.sciencedirect.com/science/article/pii/S0747563215300406},
	note = {tex.ids: banks2016a},
	langid = {en}
}

@inbook{cohen2014,
	title = {Mediated relationships and social life: Current research on fandom, parasocial relationships, and identification},
	author = {{Cohen}, {Jonathan}},
	year = {2014},
	date = {2014},
	publisher = {Routledge/Taylor & Francis Group},
	pages = {142--156},
	series = {Electronic media research series},
	doi = {10.4324/9781315794174-10},
	note = {tex.ids: cohen2014a
DOI: 10.4324/9781315794174-10},
	address = {New York, NY, US}
}

@inproceedings{kavli2012,
	title = {The player's parasocial interaction with digital entities},
	author = {{Kavli}, {Katrine}},
	year = {2012},
	month = {10},
	date = {2012-10-03},
	publisher = {Association for Computing Machinery},
	pages = {83{\textendash}89},
	series = {MindTrek '12},
	doi = {10.1145/2393132.2393150},
	url = {https://doi.org/10.1145/2393132.2393150},
	note = {tex.ids: kavli2012a},
	address = {Tampere, Finland}
}

@article{lewis2008,
	title = {{\textquotedblleft}They May Be Pixels, But They're MY Pixels:{\textquotedblright} Developing a Metric of Character Attachment in Role-Playing Video Games},
	author = {{Lewis}, {Melissa L.} and {Weber}, {René} and {Bowman}, {Nicholas David}},
	year = {2008},
	month = {08},
	date = {2008-08},
	journal = {CyberPsychology & Behavior},
	pages = {515--518},
	volume = {11},
	number = {4},
	doi = {10.1089/cpb.2007.0137},
	url = {http://www.liebertpub.com/doi/10.1089/cpb.2007.0137},
	note = {tex.ids: lewis2008a},
	langid = {en}
}

@inbook{gabriel2016,
	title = {Social surrogates, social motivations, and everyday activities: The case for a strong, subtle, and sneaky social self},
	author = {{Gabriel}, {Shira} and {Valenti}, {Jennifer} and {Young}, {Ariana F.}},
	editor = {{Zanna}, {James M. Olson and Mark P.}},
	year = {2016},
	date = {2016},
	publisher = {Academic Press},
	pages = {189--243},
	volume = {53},
	url = {http://www.sciencedirect.com/science/article/pii/S0065260115000258},
	note = {tex.ids: gabriel2016a}
}

@article{enix2010a,
	title = {Final Fantasy XIV},
	author = {{Enix}, {Square}},
	year = {2010},
	date = {2010},
	note = {Citation Key: enix2010a},
	langid = {io}
}

@article{gomillion2017,
	title = {Let{\textquoteright}s stay home and watch TV: The benefits of shared media use for close relationships},
	author = {{Gomillion}, {Sarah} and {Gabriel}, {Shira} and {Kawakami}, {Kerry} and {Young}, {Ariana F.}},
	year = {2017},
	month = {09},
	date = {2017-09-01},
	journal = {Journal of Social and Personal Relationships},
	pages = {855--874},
	volume = {34},
	number = {6},
	doi = {10.1177/0265407516660388},
	url = {https://doi.org/10.1177/0265407516660388},
	note = {tex.ids: gomillion2017a
publisher: SAGE Publications Ltd}
}

@article{leary1995,
	title = {Self-esteem as an interpersonal monitor: The sociometer hypothesis},
	author = {{Leary}, {Mark R.} and {Tambor}, {Ellen S.} and {Terdal}, {Sonja K.} and {Downs}, {Deborah L.}},
	year = {1995},
	month = {03},
	date = {1995-03},
	journal = {Journal of Personality and Social Psychology},
	pages = {518--530},
	volume = {68},
	number = {3},
	doi = {10.1037/0022-3514.68.3.518},
	url = {http://search.ebscohost.com/login.aspx?direct=true&db=psyh&AN=1995-25087-001&site=ehost-live},
	note = {tex.ids: leary1995a}
}

@misc{beresford2020,
	title = {Worldwide Digital Video Game Spending Hits Record-Breaking {\$}10.5B in April},
	author = {{Beresford}, {Trilby}},
	year = {2020},
	month = {05},
	date = {2020-05-22},
	url = {https://www.hollywoodreporter.com/news/worldwide-digital-video-game-spending-hits-record-breaking-105-billion-april-1295670},
	note = {Library Catalog: www.hollywoodreporter.com},
	langid = {en}
}

@misc{shanley2020,
	title = {Gaming Usage Up 75 Percent Amid Coronavirus Outbreak, Verizon Reports},
	author = {{Shanley}, {Patrick}},
	year = {2020},
	month = {03},
	date = {2020-03-17},
	url = {https://www.hollywoodreporter.com/news/gaming-usage-up-75-percent-coronavirus-outbreak-verizon-reports-1285140},
	note = {Library Catalog: www.hollywoodreporter.com},
	langid = {en}
}

@misc{superdatastaff2020,
	title = {Worldwide digital games market},
	author = {{SuperData Staff}, {}},
	year = {2020},
	month = {05},
	date = {2020-05-22},
	url = {https://www.superdataresearch.com/blog/worldwide-digital-games-market},
	note = {Library Catalog: www.superdataresearch.com},
	langid = {canadian}
}

@article{baraniuk2020,
	title = {Computer games: More than a lockdown distraction},
	author = {{Baraniuk}, {Chris}},
	year = {2020},
	month = {04},
	date = {2020-04-14},
	journal = {BBC News},
	url = {https://www.bbc.com/news/business-52210938},
	note = {tex.ids: baraniuk2020a},
	langid = {australian}
}

@article{gregory2020,
	title = {Don{\textquoteright}t Feel Bad if Your Kids Are Gaming More Than Ever},
	author = {{Gregory}, {Sean}},
	year = {2020},
	month = {04},
	date = {2020-04-22},
	journal = {Time},
	url = {https://time.com/5825214/video-games-screen-time-parenting-coronavirus/},
	note = {tex.ids: gregory2020a
libraryCatalog: time.com
type: Time.},
	langid = {en}
}

@misc{langille2020,
	title = {Playing video games can ease loneliness during the coronavirus pandemic},
	author = {{Langille}, {Aaron} and {Daviau}, {Charles} and {Hawreliak}, {Jason}},
	year = {2020},
	month = {04},
	date = {2020-04-01},
	url = {http://theconversation.com/playing-video-games-can-ease-loneliness-during-the-coronavirus-pandemic-134198},
	note = {Library Catalog: theconversation.com},
	langid = {en}
}

@misc{lazarus2020,
	title = {Column: Video games are thriving amid COVID-19 {\textemdash} and experts say that's a good thing},
	author = {{Lazarus}, {David}},
	year = {2020},
	month = {06},
	date = {2020-06-16},
	url = {https://www.latimes.com/business/story/2020-06-16/column-coronavirus-video-games},
	note = {Library Catalog: www.latimes.com
Section: Business},
	langid = {canadian}
}

@article{kowert2015,
	title = {Playing for social comfort: Online video game play as a social accommodator for the insecurely attached},
	author = {{Kowert}, {Rachel} and {Oldmeadow}, {Julian A.}},
	year = {2015},
	month = {12},
	date = {2015-12-01},
	journal = {Computers in Human Behavior},
	pages = {556--566},
	volume = {53},
	doi = {10.1016/j.chb.2014.05.004},
	url = {http://www.sciencedirect.com/science/article/pii/S0747563214002829},
	langid = {en}
}

@inproceedings{vella2015,
	title = {Playing Alone, Playing With Others: Differences in Player Experience and Indicators of Wellbeing},
	author = {{Vella}, {Kellie} and {Johnson}, {Daniel} and {Hides}, {Leanne}},
	year = {2015},
	month = {10},
	date = {2015-10-05},
	publisher = {Association for Computing Machinery},
	pages = {3{\textendash}12},
	series = {CHI PLAY '15},
	doi = {10.1145/2793107.2793118},
	url = {https://doi.org/10.1145/2793107.2793118},
	address = {London, United Kingdom}
}

@article{carver2010,
	title = {Personality and Coping},
	author = {{Carver}, {Charles S.} and {Connor-Smith}, {Jennifer}},
	year = {2010},
	date = {2010},
	journal = {Annual Review of Psychology},
	pages = {679--704},
	volume = {61},
	number = {1},
	doi = {10.1146/annurev.psych.093008.100352},
	url = {https://doi.org/10.1146/annurev.psych.093008.100352},
	note = {PMID: 19572784}
}

@article{dijkstra2016,
	title = {Engaging in Rather than Disengaging from Stress: Effective Coping and Perceived Control},
	author = {{Dijkstra}, {Maria T. M.} and {Homan}, {Astrid C.}},
	year = {2016},
	month = {09},
	date = {2016-09-21},
	journal = {Frontiers in Psychology},
	volume = {7},
	doi = {10.3389/fpsyg.2016.01415},
	url = {http://journal.frontiersin.org/Article/10.3389/fpsyg.2016.01415/abstract},
	langid = {en}
}

@article{murray2008,
	title = {Balancing connectedness and self-protection goals in close relationships: A levels-of-processing perspective on risk regulation},
	author = {{Murray}, {Sandra L.} and {Derrick}, {Jaye L.} and {Leder}, {Sadie} and {Holmes}, {John G.}},
	year = {2008},
	date = {2008},
	journal = {Journal of Personality and Social Psychology},
	pages = {429--459},
	volume = {94},
	number = {3},
	doi = {10.1037/0022-3514.94.3.429}
}

@article{richman2009,
	title = {Reactions to discrimination, stigmatization, ostracism, and other forms of interpersonal rejection: A multimotive model},
	author = {{Richman}, {Laura Smart} and {Leary}, {Mark R.}},
	year = {2009},
	month = {04},
	date = {2009-04},
	journal = {Psychological review},
	pages = {365--383},
	volume = {116},
	number = {2},
	doi = {10.1037/a0015250},
	url = {http://www.ncbi.nlm.nih.gov/pmc/articles/PMC2763620/},
	note = {tex.ids: richman2009a
PMCID: PMC2763620
PMID: 19348546}
}

@article{connor-smith2000,
	title = {Responses to stress in adolescence: Measurement of coping and involuntary stress responses.},
	author = {{Connor-Smith}, {Jennifer K.} and {Compas}, {Bruce E.} and {Wadsworth}, {Martha E.} and {Thomsen}, {Alexandra Harding} and {Saltzman}, {Heidi}},
	year = {2000},
	date = {2000},
	journal = {Journal of Consulting and Clinical Psychology},
	pages = {976},
	volume = {68},
	number = {6},
	doi = {10.1037/0022-006X.68.6.976},
	url = {http://psycnet.apa.org/fulltext/2001-17092-004.pdf}
}

@article{murray2006,
	title = {Optimizing assurance: The risk regulation system in relationships},
	author = {{Murray}, {Sandra L.} and {Holmes}, {John G.} and {Collins}, {Nancy L.}},
	year = {2006},
	date = {2006},
	journal = {Psychological Bulletin},
	pages = {641--666},
	volume = {132},
	number = {5},
	doi = {10.1037/0033-2909.132.5.641}
}

@article{dewall2010,
	title = {A little acceptance goes a long way: Applying social impact theory to the rejection-aggression link},
	author = {{DeWall}, {C. Nathan} and {Twenge}, {Jean M.} and {Bushman}, {Brad} and {Im}, {Charles} and {Williams}, {Kipling}},
	year = {2010},
	month = {04},
	date = {2010-04},
	journal = {Social Psychological and Personality Science},
	pages = {168--174},
	volume = {1},
	number = {2},
	doi = {10.1177/1948550610361387}
}

@article{dewall2009,
	title = {It's the thought that counts: The role of hostile cognition in shaping aggressive responses to social exclusion},
	author = {{DeWall}, {C. Nathan} and {Twenge}, {Jean M.} and {Gitter}, {Seth A.} and {Baumeister}, {Roy F.}},
	year = {2009},
	month = {01},
	date = {2009-01},
	journal = {Journal of Personality and Social Psychology},
	pages = {45--59},
	volume = {96},
	number = {1},
	doi = {10.1037/a0013196},
	url = {http://search.ebscohost.com/login.aspx?direct=true&db=psyh&AN=2008-18683-015&site=ehost-live}
}

@article{romero-canyas2010,
	title = {Paying to belong: When does rejection trigger ingratiation?},
	author = {{Romero-Canyas}, {Rainer} and {Downey}, {Geraldine} and {Reddy}, {Kavita S.} and {Rodriguez}, {Sylvia} and {Cavanaugh}, {Timothy J.} and {Pelayo}, {Rosemary}},
	year = {2010},
	date = {2010},
	journal = {Journal of Personality and Social Psychology},
	pages = {802--823},
	volume = {99},
	number = {5},
	doi = {10.1037/a0020013},
	note = {tex.ids: romero-canyas2010a}
}

@article{twenge2001,
	title = {If you can't join them, beat them: Effects of social exclusion on aggressive behavior},
	author = {{Twenge}, {Jean M.} and {Baumeister}, {Roy F.} and {Tice}, {Dianne M.} and {Stucke}, {Tanja S.}},
	year = {2001},
	month = {12},
	date = {2001-12},
	journal = {Journal of Personality and Social Psychology},
	pages = {1058--1069},
	volume = {81},
	number = {6},
	doi = {10.1037/0022-3514.81.6.1058},
	url = {http://search.ebscohost.com/login.aspx?direct=true&db=psyh&AN=2001-05428-007&site=ehost-live}
}

@article{warburton2006,
	title = {When ostracism leads to aggression: The moderating effects of control deprivation},
	author = {{Warburton}, {Wayne A.} and {Williams}, {Kipling D.} and {Cairns}, {David R.}},
	year = {2006},
	month = {03},
	date = {2006-03},
	journal = {Journal of Experimental Social Psychology},
	pages = {213--220},
	volume = {42},
	number = {2},
	doi = {10.1016/j.jesp.2005.03.005}
}

@article{williams1997,
	title = {Social ostracism by coworkers: Does rejection lead to loafing or compensation?},
	author = {{Williams}, {Kipling D.} and {Sommer}, {Kristin L.}},
	year = {1997},
	month = {07},
	date = {1997-07},
	journal = {Personality and Social Psychology Bulletin},
	pages = {693--706},
	volume = {23},
	number = {7},
	doi = {10.1177/0146167297237003}
}

@article{dewall2011,
	title = {Social exclusion and the desire to reconnect},
	author = {{DeWall}, {C. Nathan} and {Richman}, {Stephanie B.}},
	year = {2011},
	month = {11},
	date = {2011-11-01},
	journal = {Social and Personality Psychology Compass},
	pages = {919--932},
	volume = {5},
	number = {11},
	doi = {10.1111/j.1751-9004.2011.00383.x},
	url = {http://onlinelibrary.wiley.com/doi/10.1111/j.1751-9004.2011.00383.x/abstract},
	langid = {en}
}

@article{shilling2015,
	title = {Goal-Driven Resource Redistribution: An Adaptive Response to Social Exclusion.},
	author = {{Shilling}, {Aaron A.} and {Brown}, {Christina M.}},
	year = {2015},
	date = {2015},
	journal = {Evolutionary Behavioral Sciences},
	doi = {10.1037/ebs0000062},
	url = {http://doi.apa.org/getdoi.cfm?doi=10.1037/ebs0000062},
	langid = {en}
}

@article{rusbult1982,
	title = {Exit, voice, loyalty, and neglect: Responses to dissatisfaction in romantic involvements.},
	author = {{Rusbult}, {Caryl E.} and {Zembrodt}, {Isabella M.} and {Gunn}, {Lawanna K.}},
	year = {1982},
	date = {1982},
	journal = {Journal of Personality and Social Psychology},
	pages = {1230},
	volume = {43},
	number = {6},
	doi = {10.1037/0022-3514.43.6.1230},
	url = {http://psycnet.apa.org/journals/psp/43/6/1230/}
}

@inbook{heyman2004,
	title = {Rapid Marital Interaction Coding System (RMICS)},
	author = {{Heyman}, {Richard E.}},
	editor = {{Kerig}, {Patricia K.} and {Baucom}, {Donald H.}},
	year = {2004},
	month = {07},
	date = {2004-07-22},
	publisher = {Routledge},
	pages = {28},
	edition = {1st},
	url = {https://www.taylorfrancis.com/books/e/9781410610843/chapters/10.4324/9781410610843-14},
	address = {New York,  NY},
	langid = {en}
}

@article{2001,
	title = {?????????????(19)?????????????},
	author = {{??}, {??}},
	year = {2001},
	date = {2001},
	journal = {????????},
	pages = {84--87},
	number = {23},
	url = {http://ci.nii.ac.jp/naid/40005138104/}
}

@article{derrick2009,
	title = {Social surrogacy: How favored television programs provide the experience of belonging},
	author = {{Derrick}, {Jaye L.} and {Gabriel}, {Shira} and {Hugenberg}, {Kurt}},
	year = {2009},
	month = {02},
	date = {2009-02},
	journal = {Journal of Experimental Social Psychology},
	pages = {352--362},
	volume = {45},
	number = {2},
	doi = {10.1016/j.jesp.2008.12.003},
	url = {http://www.sciencedirect.com/science/article/pii/S0022103108002412},
	note = {tex.ids: derrick2009a}
}

@inbook{knowles2013,
	title = {Belonging regulation through the use of (para)social surrogates.},
	author = {{Knowles}, {Megan L.}},
	year = {2013},
	date = {2013},
	publisher = {Oxford University Press (New York, NY, US)},
	pages = {275--285},
	url = {http://search.proquest.com.udel.idm.oclc.org/psycinfo/docview/1511555768/932126B217CD4B3APQ/2},
	langid = {English}
}

@article{liebers2017,
	title = {Friends in books: The influence of character attributes and the reading experience on parasocial relationships and romances},
	author = {{Liebers}, {Nicole} and {Schramm}, {Holger}},
	year = {2017},
	month = {12},
	date = {2017-12},
	journal = {Poetics},
	pages = {12--23},
	volume = {65},
	doi = {10.1016/j.poetic.2017.10.001},
	url = {https://linkinghub.elsevier.com/retrieve/pii/S0304422X16302455},
	note = {tex.ids: liebers2017a},
	langid = {en}
}

@article{derrick2008,
	title = {Parasocial relationships and self-discrepancies: Faux relationships have benefits for low self-esteem individuals},
	author = {{Derrick}, {Jaye L.} and {Gabriel}, {Shira} and {Tippin}, {Brooke}},
	year = {2008},
	month = {06},
	date = {2008-06},
	journal = {Personal Relationships},
	pages = {261--280},
	volume = {15},
	number = {2},
	doi = {10.1111/j.1475-6811.2008.00197.x},
	url = {http://doi.wiley.com/10.1111/j.1475-6811.2008.00197.x},
	note = {tex.ids: derrick2008a},
	langid = {en}
}

@article{hartmann2008,
	title = {Positive parasocial relationships with drivers affect suspense in racing sport spectators},
	author = {{Hartmann}, {Tilo} and {Stuke}, {Daniela} and {Daschmann}, {Gregor}},
	year = {2008},
	date = {2008},
	journal = {Journal of Media Psychology: Theories, Methods, and Applications},
	pages = {24--34},
	volume = {20},
	number = {1},
	doi = {10.1027/1864-1105.20.1.24},
	note = {tex.ids: hartmann2008a
place: Germany
publisher: Hogrefe & Huber Publishers}
}

@article{horton1956,
	title = {Mass Communication and Para-Social Interaction},
	author = {{Horton}, {Donald} and {Wohl}, {R. Richard}},
	year = {1956},
	month = {08},
	date = {1956-08-01},
	journal = {Psychiatry},
	pages = {215--229},
	volume = {19},
	number = {3},
	doi = {10.1080/00332747.1956.11023049},
	url = {https://doi.org/10.1080/00332747.1956.11023049},
	note = {{\_}eprint: https://doi.org/10.1080/00332747.1956.11023049
tex.ids: horton1956a
PMID: 13359569
publisher: Routledge}
}

@article{rubin1985,
	title = {Loneliness, Parasocial Interaction, and Local Television News Viewing},
	author = {{Rubin}, {Alan M.} and {Perse}, {Elizabeth M.} and {Powell}, {Robert A.}},
	year = {1985},
	date = {1985},
	journal = {Human Communication Research},
	pages = {155--180},
	volume = {12},
	number = {2},
	doi = {10.1111/j.1468-2958.1985.tb00071.x},
	url = {http://onlinelibrary.wiley.com/doi/abs/10.1111/j.1468-2958.1985.tb00071.x},
	note = {{\_}eprint: https://onlinelibrary.wiley.com/doi/pdf/10.1111/j.1468-2958.1985.tb00071.x
tex.ids: rubin1985a},
	langid = {en}
}

@article{rubin1987,
	title = {Development of Parasocial Interaction Relationship A Uses and Gratifications Symposium},
	author = {{Rubin}, {Rebecca B.} and {McHugh}, {Michael P.}},
	year = {1987},
	date = {1987},
	journal = {Journal of Broadcasting & Electronic Media},
	pages = {279--292},
	volume = {31},
	number = {3},
	url = {https://heinonline.org/HOL/P?h=hein.journals/jbem31&i=289},
	note = {tex.ids: rubin1987a},
	langid = {eng}
}

@article{schmid2011,
	title = {A magically nice guy: Parasocial relationships with Harry Potter across different cultures},
	author = {{Schmid}, {Hannah} and {Klimmt}, {Christoph}},
	year = {2011},
	month = {04},
	date = {2011-04-01},
	journal = {International Communication Gazette},
	pages = {252--269},
	volume = {73},
	number = {3},
	doi = {10.1177/1748048510393658},
	url = {https://doi.org/10.1177/1748048510393658},
	note = {tex.ids: schmid2011a
publisher: SAGE Publications Ltd},
	langid = {en}
}

@article{montoya2008,
	title = {Is actual similarity necessary for attraction? A meta-analysis of actual and perceived similarity},
	author = {{Montoya}, {R. Matthew} and {Horton}, {Robert S.} and {Kirchner}, {Jeffrey}},
	year = {2008},
	month = {12},
	date = {2008-12-01},
	journal = {Journal of Social and Personal Relationships},
	pages = {889--922},
	volume = {25},
	number = {6},
	doi = {10.1177/0265407508096700},
	url = {http://spr.sagepub.com/content/25/6/889},
	note = {tex.ids: montoya2008a},
	langid = {en}
}


@article{turner1993,
	title = {Interpersonal and psychological predictors of parasocial interaction with different television performers},
	author = {{Turner}, {John R.}},
	year = {1993},
	month = {09},
	date = {1993-09-01},
	journal = {Communication Quarterly},
	pages = {443--453},
	volume = {41},
	number = {4},
	doi = {10.1080/01463379309369904},
	url = {https://doi.org/10.1080/01463379309369904},
	note = {{\_}eprint: https://doi.org/10.1080/01463379309369904
tex.ids: turner1993a
publisher: Routledge}
}

@article{cohen2003,
	title = {Parasocial Breakups: Measuring Individual Differences in Responses to the Dissolution of Parasocial Relationships},
	author = {{Cohen}, {Jonathan}},
	year = {2003},
	month = {05},
	date = {2003-05-01},
	journal = {Mass Communication and Society},
	pages = {191--202},
	volume = {6},
	number = {2},
	doi = {10.1207/S15327825MCS0602_5},
	url = {https://doi.org/10.1207/S15327825MCS0602_5},
	note = {tex.ids: cohen2003a}
}

@article{eyal2006,
	title = {When Good Friends Say Goodbye: A Parasocial Breakup Study},
	author = {{Eyal}, {Keren} and {Cohen}, {Jonathan}},
	year = {2006},
	month = {09},
	date = {2006-09-01},
	journal = {Journal of Broadcasting & Electronic Media},
	pages = {502--523},
	volume = {50},
	number = {3},
	doi = {10.1207/s15506878jobem5003_9},
	url = {https://doi.org/10.1207/s15506878jobem5003_9},
	note = {{\_}eprint: https://doi.org/10.1207/s15506878jobem5003{\_}9
tex.ids: eyal2006a
publisher: Routledge}
}

@article{lather2011,
	title = {How Do We React When Our Favorite Characters Are Taken Away? An Examination of a Temporary Parasocial Breakup},
	author = {{Lather}, {Julie} and {Moyer-Guse}, {Emily}},
	year = {2011},
	month = {02},
	date = {2011-02-28},
	journal = {Mass Communication and Society},
	pages = {196--215},
	volume = {14},
	number = {2},
	doi = {10.1080/15205431003668603},
	url = {https://doi.org/10.1080/15205431003668603},
	note = {{\_}eprint: https://doi.org/10.1080/15205431003668603
tex.ids: lather2011a
publisher: Routledge}
}

@article{lobb2010,
	title = {Predictors of Complicated Grief: A Systematic Review of Empirical Studies},
	author = {{Lobb}, {Elizabeth A.} and {Kristjanson}, {Linda J.} and {Aoun}, {Samar M.} and {Monterosso}, {Leanne} and {Halkett}, {Georgia K. B.} and {Davies}, {Anna}},
	year = {2010},
	month = {08},
	date = {2010-08-25},
	journal = {Death Studies},
	pages = {673--698},
	volume = {34},
	number = {8},
	doi = {10.1080/07481187.2010.496686},
	url = {https://doi.org/10.1080/07481187.2010.496686},
	note = {{\_}eprint: https://doi.org/10.1080/07481187.2010.496686
tex.ids: lobb2010a
PMID: 24482845
publisher: Routledge}
}

@article{lundorff2017,
	title = {Prevalence of prolonged grief disorder in adult bereavement: A systematic review and meta-analysis},
	author = {{Lundorff}, {Marie} and {Holmgren}, {Helle} and {Zachariae}, {Robert} and {Farver-Vestergaard}, {Ingeborg} and {O{\textquoteright}Connor}, {Maja}},
	year = {2017},
	month = {04},
	date = {2017-04-01},
	journal = {Journal of Affective Disorders},
	pages = {138--149},
	volume = {212},
	doi = {10.1016/j.jad.2017.01.030},
	url = {http://www.sciencedirect.com/science/article/pii/S0165032716318651},
	note = {tex.ids: lundorff2017a},
	langid = {en}
}

@article{sbarra2006,
	title = {The structure and process of emotional experience following nonmarital relationship dissolution: dynamic factor analyses of love, anger, and sadness},
	author = {{Sbarra}, {David A.} and {Ferrer}, {Emilio}},
	year = {2006},
	month = {05},
	date = {2006-05},
	journal = {Emotion (Washington, D.C.)},
	pages = {224--238},
	volume = {6},
	number = {2},
	doi = {10.1037/1528-3542.6.2.224},
	note = {tex.ids: sbarra2006a
tex.address: Emotion (Washington, D.C
PMID: 16768555},
	langid = {eng}
}

@article{cohen2016,
	title = {Finding meaning in a celebrity{\textquoteright}s death: The relationship between parasocial attachment, grief, and sharing educational health information related to Robin Williams on social network sites},
	author = {{Cohen}, {Elizabeth L.} and {Hoffner}, {Cynthia}},
	year = {2016},
	month = {12},
	date = {2016-12-01},
	journal = {Computers in Human Behavior},
	pages = {643--650},
	volume = {65},
	doi = {10.1016/j.chb.2016.06.042},
	url = {http://www.sciencedirect.com/science/article/pii/S0747563216304708},
	note = {tex.ids: cohen2016a},
	langid = {en}
}

@article{le2008,
	title = {Missing a romantic partner: A prototype analysis},
	author = {{Le}, {Benjamin} and {Loving}, {Timothy J.} and {Lewandowski}, {Gary W.} and {Feinberg}, {Emily G.} and {Johnson}, {Katherine C.} and {Fiorentino}, {Remy} and {Ing}, {Jennifer}},
	year = {2008},
	date = {2008},
	journal = {Personal Relationships},
	pages = {511--532},
	volume = {15},
	number = {4},
	doi = {10.1111/j.1475-6811.2008.00213.x},
	url = {https://onlinelibrary.wiley.com/doi/abs/10.1111/j.1475-6811.2008.00213.x},
	note = {{\_}eprint: https://onlinelibrary.wiley.com/doi/pdf/10.1111/j.1475-6811.2008.00213.x
tex.ids: le2008a},
	langid = {en}
}

@article{le2011,
	title = {Missing you maintains us: Missing a romantic partner, commitment, relationship maintenance, and physical infidelity},
	author = {{Le}, {Benjamin} and {Korn}, {Miriam S.} and {Crockett}, {Erin E.} and {Loving}, {Timothy J.}},
	year = {2011},
	month = {08},
	date = {2011-08-01},
	journal = {Journal of Social and Personal Relationships},
	pages = {653--667},
	volume = {28},
	number = {5},
	doi = {10.1177/0265407510384898},
	url = {https://doi.org/10.1177/0265407510384898},
	note = {tex.ids: le2011a
publisher: SAGE Publications Ltd},
	langid = {en}
}

@article{eyal2012,
	title = {Examining Relational Maintenance in Parasocial Relationships},
	author = {{Eyal}, {Keren} and {Dailey}, {René M.}},
	year = {2012},
	month = {09},
	date = {2012-09-01},
	journal = {Mass Communication and Society},
	pages = {758--781},
	volume = {15},
	number = {5},
	doi = {10.1080/15205436.2011.616276},
	url = {https://doi.org/10.1080/15205436.2011.616276},
	note = {Publisher: Routledge
{\_}eprint: https://doi.org/10.1080/15205436.2011.616276}
}

@article{on-line1984a,
	title = {King{\textquoteright}s quest I},
	author = {{On-Line}, {Sierra}},
	year = {1984},
	date = {1984},
	note = {Citation Key: on-line1984a},
	langid = {English}
}

@article{corporation1994a,
	title = {Tokimeki Memorial},
	author = {{Corporation}, {Konami}},
	year = {1994},
	date = {1994},
	note = {Citation Key: corporation1994a},
	langid = {es}
}

@article{pollack1996,
	title = {Japan's Newest Young Heartthrobs Are Sexy, Talented and Virtual},
	author = {{Pollack}, {Andrew}},
	year = {1996},
	month = {11},
	date = {1996-11-25},
	journal = {The New York Times},
	url = {https://www.nytimes.com/1996/11/25/business/japan-s-newest-young-heartthrobs-are-sexy-talented-and-virtual.html},
	langid = {canadian}
}

@book{bioware2010,
	title = {Mass Effect 2},
	author = {{BioWare}, {}},
	year = {2010},
	date = {2010},
	publisher = {BioWare},
	note = {tex.ids: bioware2010a},
	address = {Edmonton, Alberta, Canada}
}

@article{song2016,
	title = {Playing for Love in a Romantic Video Game: Avatar Identification, Parasocial Relationships, and Chinese Women's Romantic Beliefs},
	author = {{Song}, {Wen} and {Fox}, {Jesse}},
	year = {2016},
	month = {03},
	date = {2016-03-03},
	journal = {Mass Communication and Society},
	pages = {197--215},
	volume = {19},
	number = {2},
	doi = {10.1080/15205436.2015.1077972},
	url = {https://doi.org/10.1080/15205436.2015.1077972},
	note = {{\_}eprint: https://doi.org/10.1080/15205436.2015.1077972
tex.ids: song2016a
publisher: Routledge}
}

@article{gabriel2011,
	title = {Becoming a vampire without being bitten: The narrative collective-assimilation hypothesis},
	author = {{Gabriel}, {Shira} and {Young}, {Ariana F.}},
	year = {2011},
	month = {08},
	date = {2011-08-01},
	journal = {Psychological Science},
	pages = {990--994},
	volume = {22},
	number = {8},
	doi = {10.1177/0956797611415541},
	url = {http://pss.sagepub.com/content/22/8/990},
	note = {tex.ids: gabriel2011a
PMID: 21750250},
	langid = {en}
}

@book{gerrig1993,
	title = {Experiencing Narrative Worlds: On the Psychological Activities of Reading},
	author = {{Gerrig}, {Richard J.}},
	year = {1993},
	date = {1993},
	publisher = {Routledge},
	edition = {1},
	doi = {10.4324/9780429500633},
	url = {https://www.taylorfrancis.com/books/9780429969188},
	note = {tex.ids: gerrig1993a
DOI: 10.4324/9780429500633},
	langid = {en}
}

@article{green2004,
	title = {Transportation Into Narrative Worlds: The Role of Prior Knowledge and Perceived Realism},
	author = {{Green}, {Melanie C.}},
	year = {2004},
	month = {09},
	date = {2004-09-01},
	journal = {Discourse Processes},
	pages = {247--266},
	volume = {38},
	number = {2},
	doi = {10.1207/s15326950dp3802_5},
	url = {https://doi.org/10.1207/s15326950dp3802_5},
	note = {{\_}eprint: https://doi.org/10.1207/s15326950dp3802{\_}5
tex.ids: green2004a
publisher: Routledge}
}

@article{mar2008,
	title = {The Function of Fiction is the Abstraction and Simulation of Social Experience},
	author = {{Mar}, {Raymond A.} and {Oatley}, {Keith}},
	year = {2008},
	month = {05},
	date = {2008-05-01},
	journal = {Perspectives on Psychological Science},
	pages = {173--192},
	volume = {3},
	number = {3},
	doi = {10.1111/j.1745-6924.2008.00073.x},
	url = {https://doi.org/10.1111/j.1745-6924.2008.00073.x},
	note = {tex.ids: mar2008a},
	langid = {en}
}

@article{greenwood2009,
	title = {Psychological Predictors of Media Involvement: Solitude Experiences and the Need to Belong},
	author = {{Greenwood}, {Dara N.} and {Long}, {Christopher R.}},
	year = {2009},
	month = {10},
	date = {2009-10-01},
	journal = {Communication Research},
	pages = {637--654},
	volume = {36},
	number = {5},
	doi = {10.1177/0093650209338906},
	url = {https://doi.org/10.1177/0093650209338906},
	note = {tex.ids: greenwood2009a},
	langid = {en}
}

@article{agarwal2000,
	title = {Time Flies When You're Having Fun: Cognitive Absorption and Beliefs about Information Technology Usage},
	author = {{Agarwal}, {Ritu} and {Karahanna}, {Elena}},
	year = {2000},
	date = {2000},
	journal = {MIS Quarterly},
	pages = {665--694},
	volume = {24},
	number = {4},
	doi = {10.2307/3250951},
	url = {https://www.jstor.org/stable/3250951},
	note = {tex.ids: agarwal2000a
publisher: Management Information Systems Research Center, University of Minnesota}
}

@book{csikszentmihalyi2008,
	title = {Flow: The Psychology of Optimal Experience},
	author = {{Csikszentmihalyi}, {Mihaly}},
	year = {2008},
	month = {07},
	date = {2008-07-01},
	publisher = {Harper Perennial Modern Classics},
	edition = {1 edition},
	note = {tex.ids: csikszentmihalyi2008a},
	address = {New York},
	langid = {English}
}

@article{green2000,
	title = {The role of transportation in the persuasiveness of public narratives},
	author = {{Green}, {Melanie C.} and {Brock}, {T. C.}},
	year = {2000},
	month = {11},
	date = {2000-11},
	journal = {Journal of Personality and Social Psychology},
	pages = {701--721},
	volume = {79},
	number = {5},
	doi = {10.1037//0022-3514.79.5.701},
	note = {tex.ids: green2000a
PMID: 11079236},
	langid = {eng}
}

@inproceedings{patrick2000,
	title = {Using a large projection screen as an alternative to head-mounted displays for virtual environments},
	author = {{Patrick}, {Emilee} and {Cosgrove}, {Dennis} and {Slavkovic}, {Aleksandra} and {Rode}, {Jennifer A.} and {Verratti}, {Thom} and {Chiselko}, {Greg}},
	year = {2000},
	month = {04},
	date = {2000-04-01},
	publisher = {Association for Computing Machinery},
	pages = {478{\textendash}485},
	series = {CHI '00},
	doi = {10.1145/332040.332479},
	url = {https://doi.org/10.1145/332040.332479},
	note = {tex.ids: patrick2000a},
	address = {The Hague, The Netherlands}
}

@book{pine1999,
	title = {The Experience Economy: Work Is Theater & Every Business a Stage},
	author = {{Pine}, {B. Joseph II} and {Gilmore}, {James H.}},
	year = {1999},
	month = {04},
	date = {1999-04-01},
	publisher = {Harvard Business School Press},
	edition = {1st edition},
	note = {tex.ids: pine1999a},
	address = {Boston},
	langid = {English}
}
@InCollection{blackhartRejectionImpactSelfdefeating2006,
  title = {Rejection's Impact on Self-Defeating, Prosocial, Antisocial, and Self-Regulatory Behaviors},
  booktitle = {Self and Relationships: {{Connecting}} Intrapersonal and Interpersonal Processes.},
  author = {Ginette C. Blackhart and Roy F. Baumeister and Jean M. Twenge},
  editor = {Kathleen D. Vohs and Eli J. Finkel},
  date = {2006},
  pages = {237--253},
  publisher = {{Guilford Press}},
  location = {{New York, NY US}},
  file = {C\:\\Users\\Nami Sunami\\Zotero\\storage\\V3AWHN5I\\117766.pdf},
  isbn = {1-59385-271-1},
}

@Article{richmanReactionsDiscriminationStigmatization2009,
  ids = {richman2009a},
  title = {Reactions to Discrimination, Stigmatization, Ostracism, and Other Forms of Interpersonal Rejection: {{A}} Multimotive Model},
  author = {Laura Smart Richman and Mark R. Leary},
  date = {2009-04},
  journaltitle = {Psychological review},
  shortjournal = {Psychol Rev},
  volume = {116},
  pages = {365--383},
  issn = {0033-295X},
  doi = {10.1037/a0015250},
  url = {http://www.ncbi.nlm.nih.gov/pmc/articles/PMC2763620/},
  urldate = {2015-08-31},
  eprint = {19348546},
  eprinttype = {pmid},
  file = {C\:\\Users\\Nami Sunami\\Zotero\\storage\\AKGNZS3R\\Richman and Leary - 2009 - Reactions to discrimination, stigmatization, ostra.pdf},
  number = {2},
  pmcid = {PMC2763620},
}

@InCollection{williamsReactingOstracismRetaliation2005,
  title = {Reacting to Ostracism: {{Retaliation}} or Reconciliation?},
  shorttitle = {Reacting to {{Ostracism}}},
  booktitle = {The Social Psychology of Inclusion and Exclusion.},
  author = {Kipling D. Williams and Cassandra L. Govan},
  editor = {Dominic Abrams and Michael A. Hogg and Jose M. Marques},
  date = {2005},
  pages = {47--62},
  publisher = {{Psychology Press}},
  location = {{New York, NY US}},
  file = {C\:\\Users\\Nami Sunami\\Zotero\\storage\\XJNX5DGJ\\Williams and Govan - 2005 - Reacting to ostracism Retaliation or reconciliati.pdf},
  isbn = {1-84169-073-2},
}
@Article{manerDoesSocialExclusion2007,
  title = {Does Social Exclusion Motivate Interpersonal Reconnection? {{Resolving}} the {"}Porcupine Problem.{"}},
  shorttitle = {Does Social Exclusion Motivate Interpersonal Reconnection?},
  author = {Jon K. Maner and C. Nathan DeWall and Roy F. Baumeister and Mark Schaller},
  date = {2007},
  journaltitle = {Journal of Personality and Social Psychology},
  volume = {92},
  pages = {42--55},
  issn = {1939-1315(Electronic);0022-3514(Print)},
  doi = {10.1037/0022-3514.92.1.42},
  file = {C\:\\Users\\Nami Sunami\\Zotero\\storage\\8R6CZNMJ\\Maner et al. - 2007 - Does social exclusion motivate interpersonal recon.pdf;C\:\\Users\\Nami Sunami\\Zotero\\storage\\JT7I5NN5\\2006-23056-004.pdf;C\:\\Users\\Nami Sunami\\Zotero\\storage\\GFNGPEVX\\42.html},
  number = {1},
}

@Article{romero-canyasPayingBelongWhen2010,
  ids = {romero-canyas2010a},
  title = {Paying to Belong: {{When}} Does Rejection Trigger Ingratiation?},
  shorttitle = {Paying to Belong},
  author = {Rainer Romero-Canyas and Geraldine Downey and Kavita S. Reddy and Sylvia Rodriguez and Timothy J. Cavanaugh and Rosemary Pelayo},
  date = {2010},
  journaltitle = {Journal of Personality and Social Psychology},
  volume = {99},
  pages = {802--823},
  issn = {1939-1315(Electronic);0022-3514(Print)},
  doi = {10.1037/a0020013},
  file = {C\:\\Users\\Nami Sunami\\Zotero\\storage\\J27BSB86\\Romero-Canyas et al. - 2010 - Paying to belong When does rejection trigger ingr.pdf},
  number = {5},
}

@Article{manerDoesSocialExclusion2007,
  title = {Does Social Exclusion Motivate Interpersonal Reconnection? {{Resolving}} the {"}Porcupine Problem{"}},
  shorttitle = {Does Social Exclusion Motivate Interpersonal Reconnection?},
  author = {Jon K Maner and C Nathan DeWall and Roy F Baumeister and Mark Schaller},
  date = {2007-01},
  journaltitle = {Journal of Personality and Social Psychology},
  shortjournal = {J Pers Soc Psychol},
  volume = {92},
  pages = {42--55},
  issn = {0022-3514},
  doi = {10.1037/0022-3514.92.1.42},
  eprint = {17201541},
  eprinttype = {pmid},
  file = {C\:\\Users\\Nami Sunami\\Zotero\\storage\\G2QB6AH6\\42.pdf},
  keywords = {Affiliation,Aggression,Need to Belong,Rejection},
  number = {1},
}

@Article{romero-canyasPayingBelongWhen2010,
  title = {Paying to Belong: {{When}} Does Rejection Trigger Ingratiation?},
  shorttitle = {Paying to Belong},
  author = {Rainer Romero-Canyas and Geraldine Downey and Kavita S Reddy and Sylvia Rodriguez and Timothy J Cavanaugh and Rosemary Pelayo},
  date = {2010},
  journaltitle = {Journal of Personality and Social Psychology.},
  shortjournal = {J Pers Soc Psychol},
  volume = {99},
  pages = {802--823},
  issn = {0022-3514},
  doi = {10.1037/a0020013},
  file = {C\:\\Users\\Nami Sunami\\Zotero\\storage\\4R6DPG8A\\Romero-Canyas, Downey, Reddy, et. al, 2010.pdf},
  keywords = {Affiliation,Need to Belong,Read,Rejection},
  langid = {english},
  number = {5},
}
@Article{derrickSocialSurrogacyHow2009,
  ids = {derrick2009a},
  title = {Social Surrogacy: {{How}} Favored Television Programs Provide the Experience of Belonging},
  shorttitle = {Social Surrogacy},
  author = {Jaye L. Derrick and Shira Gabriel and Kurt Hugenberg},
  date = {2009-02},
  journaltitle = {Journal of Experimental Social Psychology},
  shortjournal = {Journal of Experimental Social Psychology},
  volume = {45},
  pages = {352--362},
  issn = {0022-1031},
  doi = {10.1016/j.jesp.2008.12.003},
  url = {http://www.sciencedirect.com/science/article/pii/S0022103108002412},
  urldate = {2015-11-27},
  file = {C\:\\Users\\Nami Sunami\\Zotero\\storage\\JVFAUKXQ\\Derrick et al. - 2009 - Social surrogacy How favored television programs .pdf;C\:\\Users\\Nami Sunami\\Zotero\\storage\\7Q3HZ5HM\\S0022103108002412.html;C\:\\Users\\Nami Sunami\\Zotero\\storage\\FMFXKD9I\\index.html},
  number = {2},
}

@Article{derrickSocialSurrogacyHow2009,
  title = {Social Surrogacy: {{How}} Favored Television Programs Provide the Experience of Belonging},
  shorttitle = {Social Surrogacy},
  author = {Jaye L. Derrick and Shira Gabriel and Kurt Hugenberg},
  date = {2009-02},
  journaltitle = {Journal of Experimental Social Psychology},
  shortjournal = {Journal of Experimental Social Psychology},
  volume = {45},
  pages = {352--362},
  issn = {0022-1031},
  doi = {10.1016/j.jesp.2008.12.003},
  url = {http://www.sciencedirect.com/science/article/pii/S0022103108002412},
  urldate = {2015-11-27},
  file = {C\:\\Users\\Nami Sunami\\Zotero\\storage\\WQ5CZDHK\\Derrick et al. - 2009 - Social surrogacy How favored television programs .pdf;C\:\\Users\\Nami Sunami\\Zotero\\storage\\7KK7A7FB\\S0022103108002412.html},
  number = {2},
}
@Article{aspinwallStitchTimeSelfregulation1997,
  title = {A Stitch in Time: {{Self}}-Regulation and Proactive Coping},
  shorttitle = {A Stitch in Time},
  author = {Lisa G. Aspinwall and Shelley E. Taylor},
  date = {1997},
  journaltitle = {Psychological Bulletin},
  volume = {121},
  pages = {417--436},
  issn = {1939-1455(Electronic),0033-2909(Print)},
  doi = {10.1037/0033-2909.121.3.417},
  file = {C\:\\Users\\Nami Sunami\\Zotero\\storage\\2QPV849F\\Aspinwall_Taylor_1997_A stitch in time.pdf},
  number = {3},
}

@Book{lazarusStressAppraisalCoping1984,
  title = {Stress, {{Appraisal}}, and {{Coping}}},
  author = {Richard S. Lazarus and Susan Folkman},
  date = {1984-03-15},
  publisher = {{Springer Publishing Company}},
  file = {C\:\\Users\\Nami Sunami\\Zotero\\storage\\HNTGXSNA\\Lazarus and Folkman - Stress, appraisal, and coping.pdf},
  isbn = {978-0-8261-4192-7},
  langid = {english},
  pagetotal = {460},
}

@Article{skinnerSearchingStructureCoping2003,
  title = {Searching for the Structure of Coping: {{A}} Review and Critique of Category Systems for Classifying Ways of Coping},
  shorttitle = {Searching for the Structure of Coping},
  author = {Ellen A. Skinner and Kathleen Edge and Jeffrey Altman and Hayley Sherwood},
  date = {2003},
  journaltitle = {Psychological Bulletin},
  volume = {129},
  pages = {216--269},
  issn = {1939-1455(Electronic),0033-2909(Print)},
  doi = {10.1037/0033-2909.129.2.216},
  file = {C\:\\Users\\Nami Sunami\\Zotero\\storage\\J8VF49QF\\Skinner et al. - 2003 - Searching for the structure of coping A review an.pdf},
  number = {2},
}
@Article{carverPersonalityCoping2010,
  title = {Personality and {{Coping}}},
  author = {Charles S. Carver and Jennifer Connor-Smith},
  date = {2010},
  journaltitle = {Annual Review of Psychology},
  volume = {61},
  pages = {679--704},
  doi = {10.1146/annurev.psych.093008.100352},
  url = {https://doi.org/10.1146/annurev.psych.093008.100352},
  urldate = {2019-02-03},
  eprint = {19572784},
  eprinttype = {pmid},
  file = {C\:\\Users\\Nami Sunami\\Zotero\\storage\\VXH7B8VS\\Carver_Connor-Smith_2010_Personality and Coping.pdf},
  number = {1},
}

@InCollection{compasEffortfulInvoluntaryResponses1997,
  title = {Effortful and {{Involuntary Responses}} to {{Stress}}},
  booktitle = {Coping with {{Chronic Stress}}},
  author = {Bruce E. Compas and Jennifer Connor and Dana Osowiecki and Amy Welch},
  editor = {Benjamin H. Gottlieb},
  date = {1997},
  pages = {105--130},
  publisher = {{Springer US}},
  location = {{Boston, MA}},
  doi = {10.1007/978-1-4757-9862-3_4},
  url = {https://doi.org/10.1007/978-1-4757-9862-3_4},
  urldate = {2019-01-28},
  file = {C\:\\Users\\Nami Sunami\\Zotero\\storage\\XYYCXEYG\\Compas et al_1997_Effortful and Involuntary Responses to Stress.pdf},
  isbn = {978-1-4757-9862-3},
  langid = {english},
  series = {The {{Springer Series}} on {{Stress}} and {{Coping}}},
}

@Article{connor-smithResponsesStressAdolescence2000,
  title = {Responses to Stress in Adolescence: {{Measurement}} of Coping and Involuntary Stress Responses.},
  shorttitle = {Responses to Stress in Adolescence},
  author = {Jennifer K. Connor-Smith and Bruce E. Compas and Martha E. Wadsworth and Alexandra Harding Thomsen and Heidi Saltzman},
  date = {2000},
  journaltitle = {Journal of Consulting and Clinical Psychology},
  volume = {68},
  pages = {976},
  issn = {1939-2117},
  doi = {10.1037/0022-006X.68.6.976},
  url = {http://psycnet.apa.org/fulltext/2001-17092-004.pdf},
  urldate = {2019-01-28},
  file = {C\:\\Users\\Nami Sunami\\Zotero\\storage\\IYBTEEVV\\Connor-Smith et al. - 2000 - Responses to stress in adolescence Measurement of.pdf},
  number = {6},
}

@Article{dijkstraEngagingRatherDisengaging2016,
  title = {Engaging in {{Rather}} than {{Disengaging}} from {{Stress}}: {{Effective Coping}} and {{Perceived Control}}},
  shorttitle = {Engaging in {{Rather}} than {{Disengaging}} from {{Stress}}},
  author = {Maria T. M. Dijkstra and Astrid C. Homan},
  date = {2016-09-21},
  journaltitle = {Frontiers in Psychology},
  volume = {7},
  issn = {1664-1078},
  doi = {10.3389/fpsyg.2016.01415},
  url = {http://journal.frontiersin.org/Article/10.3389/fpsyg.2016.01415/abstract},
  urldate = {2019-01-30},
  file = {C\:\\Users\\Nami Sunami\\Zotero\\storage\\C2ID36H7\\Dijkstra and Homan - 2016 - Engaging in Rather than Disengaging from Stress E.pdf},
  langid = {english},
}

@Article{scheierCopingStressDivergent1986,
  title = {Coping with Stress: {{Divergent}} Strategies of Optimists and Pessimists.},
  shorttitle = {Coping with Stress},
  author = {Michael F. Scheier and Jagdish K. Weintraub and Charles S. Carver},
  date = {1986},
  journaltitle = {Journal of Personality and Social Psychology},
  volume = {51},
  pages = {1257--1264},
  issn = {1939-1315, 0022-3514},
  doi = {10.1037/0022-3514.51.6.1257},
  url = {http://doi.apa.org/getdoi.cfm?doi=10.1037/0022-3514.51.6.1257},
  urldate = {2019-03-07},
  file = {C\:\\Users\\Nami Sunami\\Zotero\\storage\\X97DCPUM\\Scheier et al. - 1986 - Coping with stress Divergent strategies of optimi.pdf},
  langid = {english},
  number = {6},
}

@Article{tobinHierarchicalFactorStructure1989,
  title = {The Hierarchical Factor Structure of the Coping Strategies Inventory},
  author = {David L. Tobin and Kenneth A. Holroyd and Russ V. Reynolds and Joan K. Wigal},
  date = {1989-08-01},
  journaltitle = {Cognitive Therapy and Research},
  shortjournal = {Cogn Ther Res},
  volume = {13},
  pages = {343--361},
  issn = {1573-2819},
  doi = {10.1007/BF01173478},
  url = {https://doi.org/10.1007/BF01173478},
  urldate = {2019-08-29},
  file = {C\:\\Users\\Nami Sunami\\Zotero\\storage\\9J5TMKJL\\Tobin et al_1989_The hierarchical factor structure of the coping strategies inventory.pdf;C\:\\Users\\Nami Sunami\\Zotero\\storage\\DAJCVPXT\\Tobin et al_1989_The hierarchical factor structure of the coping strategies inventory.pdf},
  langid = {english},
  number = {4},
}
@InCollection{williamsOstracismTemporalNeedthreat2009,
  ids = {williams2009a},
  title = {Ostracism: {{A}} Temporal Need-Threat Model},
  shorttitle = {Ostracism},
  booktitle = {Advances in Experimental Social Psychology, {{Vol}} 41.},
  author = {Kipling D. Williams},
  editor = {Marc P. Zanna},
  date = {2009},
  pages = {275--314},
  publisher = {{Elsevier Academic Press}},
  location = {{San Diego, CA US}},
  file = {C\:\\Users\\Nami Sunami\\Zotero\\storage\\4EFBMRXQ\\Williams - 2009 - Ostracism A temporal need-threat model.pdf},
  isbn = {978-0-12-374472-2},
  series = {Advances in Experimental Social Psychology},
}
@Book{bowlbySeparationAnxietyAnger2000,
  title = {Separation: Anxiety and Anger},
  shorttitle = {Separation},
  author = {John Bowlby},
  date = {2000},
  edition = {Reprint},
  publisher = {{Basic Books}},
  location = {{New York}},
  annotation = {OCLC: 248448784},
  file = {C\:\\Users\\Nami Sunami\\Zotero\\storage\\HTU767ZL\\Bowlby_Bowlby_2000_Separation.pdf},
  isbn = {978-0-465-09716-6},
  langid = {english},
  number = {John Bowlby ; 2},
  pagetotal = {456},
  series = {Attachment and Loss},
}

@Book{horneyNeuroticPersonalityOur1964,
  title = {The Neurotic Personality of Our Time},
  author = {Karen Horney},
  date = {1964},
  publisher = {{Norton}},
  location = {{New York}},
  annotation = {OCLC: ocm14277322},
  file = {C\:\\Users\\Nami Sunami\\Zotero\\storage\\LTTQUY7S\\Horney_1964_The neurotic personality of our time.pdf},
  isbn = {978-0-393-31097-9},
  langid = {english},
  pagetotal = {299},
}
@Article{rusbultExitVoiceLoyalty1982,
  title = {Exit, Voice, Loyalty, and Neglect: {{Responses}} to Dissatisfaction in Romantic Involvements.},
  shorttitle = {Exit, Voice, Loyalty, and Neglect},
  author = {Caryl E. Rusbult and Isabella M. Zembrodt and Lawanna K. Gunn},
  date = {1982},
  journaltitle = {Journal of Personality and Social Psychology},
  volume = {43},
  pages = {1230},
  doi = {10.1037/0022-3514.43.6.1230},
  url = {http://psycnet.apa.org/journals/psp/43/6/1230/},
  urldate = {2015-12-15},
  file = {C\:\\Users\\Nami Sunami\\Zotero\\storage\\U2FIAXFU\\Rusbult et al. - 1982 - Exit, voice, loyalty, and neglect Responses to di.pdf},
  number = {6},
}

@Article{rusbultInterdependenceAnalysisAccommodation1991,
  title = {An Interdependence Analysis of Accommodation Processes in Close Relationships},
  author = {Caryl E. Rusbult and Julie Verette},
  date = {1991},
  journaltitle = {Representative Research in Social Psychology},
  volume = {19},
  pages = {3--33},
  issn = {0034-4907(Print)},
  file = {C\:\\Users\\Nami Sunami\\Zotero\\storage\\EPI3C2TG\\436961.pdf;C\:\\Users\\Nami Sunami\\Zotero\\storage\\PEZZN79N\\1992-42931-001.html},
  number = {1},
}

@InCollection{rusbultResponsesDissatisfactionClose1987,
  title = {Responses to Dissatisfaction in Close Relationships: {{The}} Exit-Voice-Loyalty-Neglect Model},
  shorttitle = {Responses to Dissatisfaction in Close Relationships},
  booktitle = {Intimate Relationships: {{Development}}, Dynamics, and Deterioration},
  author = {Caryl E. Rusbult},
  editor = {D. Perlman and S. Duck},
  date = {1987},
  pages = {209--237},
  publisher = {{Sage Publications, Inc}},
  location = {{Thousand Oaks, CA, US}},
  file = {C\:\\Users\\Nami Sunami\\Zotero\\storage\\VWISKM5X\\11_RusbultZembrodt1983_JournalOfExperimentalSocialPsychology.pdf;C\:\\Users\\Nami Sunami\\Zotero\\storage\\7IHNDTDA\\1987-97121-008.html},
  isbn = {0-8039-2609-X (Hardcover); 0-8039-2610-3 (Paperback)},
}
@Article{baumeisterNeedBelongDesire1995,
  ids = {baumeister1995a},
  title = {The Need to Belong: {{Desire}} for Interpersonal Attachments as a Fundamental Human Motivation},
  shorttitle = {The Need to Belong},
  author = {Roy F. Baumeister and Mark R. Leary},
  date = {1995-05},
  journaltitle = {Psychological Bulletin},
  shortjournal = {Psychological Bulletin},
  volume = {117},
  pages = {497--529},
  issn = {1939-1455},
  doi = {10.1037/0033-2909.117.3.497},
  url = {http://search.ebscohost.com/login.aspx?direct=true&db=psyh&AN=1995-29052-001&site=ehost-live},
  urldate = {2013-08-27},
  file = {C\:\\Users\\Nami Sunami\\Zotero\\storage\\RE52XN28\\Baumeister and Leary - 1995 - The need to belong Desire for interpersonal attac.pdf},
  keywords = {\\,belongingness need,need to belong,review},
  number = {3},
}
@Article{murrayBalancingConnectednessSelfprotection2008,
  title = {Balancing Connectedness and Self-Protection Goals in Close Relationships: {{A}} Levels-of-Processing Perspective on Risk Regulation},
  shorttitle = {Balancing Connectedness and Self-Protection Goals in Close Relationships},
  author = {Sandra L. Murray and Jaye L. Derrick and Sadie Leder and John G. Holmes},
  date = {2008},
  journaltitle = {Journal of Personality and Social Psychology},
  volume = {94},
  pages = {429--459},
  issn = {1939-1315(Electronic);0022-3514(Print)},
  doi = {10.1037/0022-3514.94.3.429},
  file = {C\:\\Users\\Nami Sunami\\Zotero\\storage\\KH8NUH4Q\\Murray et al. - 2008 - Balancing connectedness and self-protection goals .pdf},
  keywords = {control need,self-esteem,social rejection},
  number = {3},
}

@Article{murrayWhenRejectionStings2002,
  title = {When Rejection Stings: {{How}} Self-Esteem Constrains Relationship-Enhancement Processes},
  shorttitle = {When Rejection Stings},
  author = {Sandra L. Murray and Paul Rose and Gina M. Bellavia and John G. Holmes and Anna Garrett Kusche},
  date = {2002},
  journaltitle = {Journal of Personality and Social Psychology},
  volume = {83},
  pages = {556--573},
  issn = {1939-1315(Electronic);0022-3514(Print)},
  doi = {10.1037/0022-3514.83.3.556},
  file = {C\:\\Users\\Nami Sunami\\Zotero\\storage\\X4RS4E8Q\\Murray et al. - 2002 - When rejection stings How self-esteem constrains .pdf},
  keywords = {Preemptive Strike},
  number = {3},
}
@Article{aydukIndividualDifferencesRejection2008,
  title = {Individual Differences in the Rejectionâ€“Aggression Link in the Hot Sauce Paradigm: {{The}} Case of Rejection Sensitivity},
  shorttitle = {Individual Differences in the Rejectionâ€“Aggression Link in the Hot Sauce Paradigm},
  author = {{\~A}{\textflorin}{\^a}{\texteuro}{\textquotedblleft}NANAzlem Ayduk and Anett Gyurak and Anna Luerss},
  date = {2008-05},
  journaltitle = {Journal of Experimental Social Psychology},
  shortjournal = {Journal of Experimental Social Psychology},
  volume = {44},
  pages = {775--782},
  issn = {0022-1031},
  doi = {10.1016/j.jesp.2007.07.004},
  url = {http://www.sciencedirect.com/science/article/pii/S002210310700100X},
  urldate = {2013-11-29},
  file = {C\:\\Users\\Nami Sunami\\Zotero\\storage\\H4G9NNQH\\ayduketal_JESP.pdf;C\:\\Users\\Nami Sunami\\Zotero\\storage\\K47VMZGZ\\Ayduk et al. - 2008 - Individual differences in the rejectionâ€“aggression.pdf;C\:\\Users\\Nami Sunami\\Zotero\\storage\\6ZHU5J8X\\S002210310700100X.html},
  keywords = {Hot Sauce,need to belong,rejection},
  number = {3},
}

@Article{dewallLittleAcceptanceGoes2010,
  title = {A Little Acceptance Goes a Long Way: {{Applying}} Social Impact Theory to the Rejection-Aggression Link},
  shorttitle = {A Little Acceptance Goes a Long Way},
  author = {C. Nathan DeWall and Jean M. Twenge and Brad Bushman and Charles Im and Kipling Williams},
  date = {2010-04},
  journaltitle = {Social Psychological and Personality Science},
  shortjournal = {Social Psychological and Personality Science},
  volume = {1},
  pages = {168--174},
  issn = {1948-5514},
  doi = {10.1177/1948550610361387},
  file = {C\:\\Users\\Nami Sunami\\Zotero\\storage\\3JHF54AU\\DeWall et al. - 2010 - A little acceptance goes a long way Applying soci.pdf},
  keywords = {noise blast},
  number = {2},
}
@Article{warburtonWhenOstracismLeads2006,
  title = {When Ostracism Leads to Aggression: {{The}} Moderating Effects of Control Deprivation},
  shorttitle = {When Ostracism Leads to Aggression},
  author = {Wayne A. Warburton and Kipling D. Williams and David R. Cairns},
  date = {2006-03},
  journaltitle = {Journal of Experimental Social Psychology},
  shortjournal = {Journal of Experimental Social Psychology},
  volume = {42},
  pages = {213--220},
  issn = {0022-1031},
  doi = {10.1016/j.jesp.2005.03.005},
  file = {C\:\\Users\\Nami Sunami\\Zotero\\storage\\J2Q2CUU7\\Warburton et al. - 2006 - When ostracism leads to aggression The moderating.pdf},
  number = {2},
}
@Article{renEvidenceAnotherResponse2015,
  ids = {ren2015a},
  title = {Evidence for Another Response to Ostracism Solitude Seeking},
  author = {Dongning Ren and Eric Wesselmann and Kipling D. Williams},
  date = {2015-11-13},
  journaltitle = {Social Psychological and Personality Science},
  shortjournal = {Social Psychological and Personality Science},
  pages = {1948550615616169},
  issn = {1948-5506, 1948-5514},
  doi = {10.1177/1948550615616169},
  url = {http://spp.sagepub.com/content/early/2015/11/11/1948550615616169},
  urldate = {2015-11-19},
  file = {C\:\\Users\\Nami Sunami\\Zotero\\storage\\VMHEW9UA\\Ren et al. - 2015 - Evidence for Another Response to Ostracism Solitud.pdf;C\:\\Users\\Nami Sunami\\Zotero\\storage\\HPUU45KG\\1948550615616169.html},
  keywords = {passive},
  langid = {english},
}
@Article{meagherSeekingSafetySociofugal2017,
  title = {Seeking the Safety of Sociofugal Space: {{Environmental}} Design Preferences Following Social Ostracism},
  shorttitle = {Seeking the Safety of Sociofugal Space},
  author = {Benjamin R. Meagher and Kerry L. Marsh},
  date = {2017-01},
  journaltitle = {Journal of Experimental Social Psychology},
  shortjournal = {Journal of Experimental Social Psychology},
  volume = {68},
  pages = {192--199},
  issn = {0022-1031},
  doi = {10.1016/j.jesp.2016.07.004},
  url = {//www.sciencedirect.com/science/article/pii/S0022103116302505},
  urldate = {2017-01-22},
  file = {C\:\\Users\\Nami Sunami\\Zotero\\storage\\QCVGEFT9\\Meagher and Marsh - 2017 - Seeking the safety of sociofugal space Environmen.pdf;C\:\\Users\\Nami Sunami\\Zotero\\storage\\AVQUPVV8\\S0022103116302505.html},
}
@Article{parrottAddressingCriterionProblem2007,
  title = {Addressing â€œ{{The}} Criterion Problemâ€ in the Assessment of Aggressive Behavior: {{Development}} of a New Taxonomic System},
  shorttitle = {Addressing â€œ{{The}} Criterion Problemâ€ in the Assessment of Aggressive Behavior},
  author = {Dominic J. Parrott and Peter R. Giancola},
  date = {2007-05},
  journaltitle = {Aggression and Violent Behavior},
  shortjournal = {Aggression and Violent Behavior},
  volume = {12},
  pages = {280--299},
  issn = {1359-1789},
  doi = {10.1016/j.avb.2006.08.002},
  url = {http://www.sciencedirect.com/science/article/pii/S1359178906000735},
  urldate = {2015-11-03},
  file = {C\:\\Users\\Nami Sunami\\Zotero\\storage\\4JSRTWD5\\Parrott and Giancola - 2007 - Addressing â€œThe criterion problemâ€ in the assessme.pdf;C\:\\Users\\Nami Sunami\\Zotero\\storage\\977W2AQ2\\S1359178906000735.html},
  keywords = {active,passive,physical,review,taxonomy,verbal},
  number = {3},
}

@Article{southrichardsonEverydayAggressionTakes2014,
  title = {Everyday {{Aggression Takes Many Forms}}},
  author = {Deborah {South Richardson}},
  date = {2014-06-01},
  journaltitle = {Current Directions in Psychological Science},
  shortjournal = {Curr Dir Psychol Sci},
  volume = {23},
  pages = {220--224},
  issn = {0963-7214},
  doi = {10.1177/0963721414530143},
  url = {https://doi.org/10.1177/0963721414530143},
  urldate = {2019-04-22},
  file = {C\:\\Users\\Nami Sunami\\Zotero\\storage\\JUJWTHFV\\South Richardson_2014_Everyday Aggression Takes Many Forms.pdf},
  langid = {english},
  number = {3},
}
@Article{abramsPredictorsSelfNeglectCommunityDwelling2002,
  title = {Predictors of {{Self}}-{{Neglect}} in {{Community}}-{{Dwelling Elders}}},
  author = {Robert C. Abrams and Mark Lachs and Gail McAvay and Denis J. Keohane and Martha L. Bruce},
  date = {2002-10-01},
  journaltitle = {American Journal of Psychiatry},
  doi = {10.1176/appi.ajp.159.10.1724},
  url = {https://ajp.psychiatryonline.org/doi/abs/10.1176/appi.ajp.159.10.1724},
  urldate = {2018-12-19},
  file = {C\:\\Users\\Nami Sunami\\Zotero\\storage\\I23PK6PD\\Abrams et al_2002_Predictors of Self-Neglect in Community-Dwelling Elders.pdf},
  langid = {english},
}

@Article{dongCrosssectionalPopulationbasedStudy2010,
  title = {A Cross-Sectional Population-Based Study of Elder Self-Neglect and Psychological, Health, and Social Factors in a Biracial Community},
  author = {XinQi Dong and Melissa Simon and Todd Beck and Denis Evans},
  date = {2010-01},
  journaltitle = {Aging \& Mental Health},
  volume = {14},
  pages = {74--84},
  issn = {1360-7863, 1364-6915},
  doi = {10.1080/13607860903421037},
  url = {http://www.tandfonline.com/doi/abs/10.1080/13607860903421037},
  urldate = {2018-12-20},
  file = {C\:\\Users\\Nami Sunami\\Zotero\\storage\\HI6S6JLV\\Dong et al. - 2010 - A cross-sectional population-based study of elder .pdf},
  langid = {english},
  number = {1},
}
@Article{band-wintersteinElderSelfNeglect2012,
  title = {Elder Self Neglect: {{A}} Geriatric Syndrome or a Life Course Story?},
  shorttitle = {Elder Self Neglect},
  author = {Tova Band-Winterstein and Israel (Issi) Doron and Sigal Naim},
  date = {2012-04-01},
  journaltitle = {Journal of Aging Studies},
  shortjournal = {Journal of Aging Studies},
  volume = {26},
  pages = {109--118},
  issn = {0890-4065},
  doi = {10.1016/j.jaging.2011.10.001},
  url = {http://www.sciencedirect.com/science/article/pii/S0890406511000740},
  urldate = {2018-12-21},
  file = {C\:\\Users\\Nami Sunami\\Zotero\\storage\\H8H78RPG\\Band-Winterstein et al_2012_Elder self neglect.pdf},
  number = {2},
}

@Article{bozinovskiOlderSelfNeglectersInterpersonal2000,
  title = {Older {{Self}}-{{Neglecters}}: {{Interpersonal Problems}} and the {{Maintenance}} of {{Self}}-{{Continuity}}},
  shorttitle = {Older {{Self}}-{{Neglecters}}},
  author = {Susanna D. Bozinovski},
  date = {2000-07-31},
  journaltitle = {Journal of Elder Abuse \& Neglect},
  volume = {12},
  pages = {37--56},
  issn = {0894-6566},
  doi = {10.1300/J084v12n01_06},
  url = {https://doi.org/10.1300/J084v12n01_06},
  urldate = {2018-12-21},
  file = {C\:\\Users\\Nami Sunami\\Zotero\\storage\\AKK3QD8N\\PhD_2000_Older Self-Neglecters.pdf},
  number = {1},
}
@InBook{gabrielSocialSurrogatesRejection2017,
  ids = {gabriel2017a},
  title = {Social {{Surrogates}} and {{Rejection}}: {{How Reading}}, {{Watching TV}}, and {{Eating Comfort Food Can Ease}} the {{Pain}} of {{Social Isolation}}},
  booktitle = {Ostracism, {{Exclusion}}, and {{Rejection}}},
  author = {Shira Gabriel and Jennifer Valenti},
  date = {2017},
  publisher = {{Routledge}},
  location = {{New York, NY}},
  bookauthor = {Kipling D. Williams and Steve A. Nida},
  file = {C\:\\Users\\Nami Sunami\\Zotero\\storage\\855UHNTH\\Gabriel and Valenti - 2017 - Social Surrogates and Rejection How Reading, Watc.pdf},
  isbn = {978-1-315-30846-3},
}

@InCollection{gabrielSocialSurrogatesSocial2016,
  ids = {gabriel2016a},
  title = {Social Surrogates, Social Motivations, and Everyday Activities: {{The}} Case for a Strong, Subtle, and Sneaky Social Self},
  shorttitle = {Chapter {{Four}} - {{Social Surrogates}}, {{Social Motivations}}, and {{Everyday Activities}}},
  booktitle = {Advances in {{Experimental Social Psychology}}},
  author = {Shira Gabriel and Jennifer Valenti and Ariana F. Young},
  editor = {James M. Olson and Mark P. Zanna},
  date = {2016},
  volume = {53},
  pages = {189--243},
  publisher = {{Academic Press}},
  url = {http://www.sciencedirect.com/science/article/pii/S0065260115000258},
  urldate = {2016-05-24},
  file = {C\:\\Users\\Nami Sunami\\Zotero\\storage\\JJTIDG2Q\\Gabriel et al. - 2016 - Chapter Four - Social Surrogates, Social Motivatio.pdf;C\:\\Users\\Nami Sunami\\Zotero\\storage\\Z4N8KQXD\\S0065260115000258.html},
}
@Article{abeytaLookingBackMove2015,
  title = {Looking Back to Move Forward: {{Nostalgia}} as a Psychological Resource for Promoting Relationship Goals and Overcoming Relationship Challenges},
  shorttitle = {Looking Back to Move Forward},
  author = {Andrew A. Abeyta and Clay Routledge and Jacob Juhl},
  date = {2015},
  journaltitle = {Journal of Personality and Social Psychology},
  volume = {109},
  pages = {1029--1044},
  issn = {1939-1315(Electronic);0022-3514(Print)},
  doi = {10.1037/pspi0000036},
  file = {C\:\\Users\\Nami Sunami\\Zotero\\storage\\JFWFS4CE\\Abeyta et al. - 2015 - Looking back to move forward Nostalgia as a psych.pdf;C\:\\Users\\Nami Sunami\\Zotero\\storage\\M2QXZB6G\\Abeyta et al. - 2015 - Looking back to move forward Nostalgia as a psych.pdf},
  number = {6},
}

@Article{wildschutNostalgiaRepositorySocial2010,
  title = {Nostalgia as a Repository of Social Connectedness: {{The}} Role of Attachment-Related Avoidance},
  shorttitle = {Nostalgia as a Repository of Social Connectedness},
  author = {Tim Wildschut and Constantine Sedikides and Clay Routledge and Jamie Arndt and Filippo Cordaro},
  date = {2010},
  journaltitle = {Journal of Personality and Social Psychology},
  volume = {98},
  pages = {573--586},
  issn = {1939-1315(Electronic);0022-3514(Print)},
  doi = {10.1037/a0017597},
  file = {C\:\\Users\\Nami Sunami\\Zotero\\storage\\FJXEEQ3Z\\Wildschut et al. - 2010 - Nostalgia as a repository of social connectedness.pdf},
  number = {4},
}
@Article{learyInterpersonalRejectionDeterminant2006,
  title = {Interpersonal Rejection as a Determinant of Anger and Aggression},
  author = {Mark R. Leary and Jean M. Twenge and Erin Quinlivan},
  date = {2006},
  journaltitle = {Personality and Social Psychology Review},
  shortjournal = {Personality and Social Psychology Review},
  volume = {10},
  pages = {111--132},
  issn = {1532-7957},
  doi = {10.1207/s15327957pspr1002_2},
  url = {http://search.ebscohost.com/login.aspx?direct=true&db=psyh&AN=2006-06305-002&site=ehost-live},
  urldate = {2013-10-26},
  file = {C\:\\Users\\Nami Sunami\\Zotero\\storage\\KWNI56Z7\\Leary et al. - 2006 - Interpersonal rejection as a determinant of anger .pdf},
  number = {2},
}
@Article{downeyImplicationsRejectionSensitivity1996,
  ids = {downey1996a},
  title = {Implications of Rejection Sensitivity for Intimate Relationships},
  author = {Geraldine Downey and Scott I. Feldman},
  date = {1996-06},
  journaltitle = {Journal of Personality and Social Psychology},
  shortjournal = {Journal of Personality and Social Psychology},
  volume = {70},
  pages = {1327--1343},
  issn = {1939-1315},
  doi = {10.1037/0022-3514.70.6.1327},
  url = {http://search.ebscohost.com/login.aspx?direct=true&db=psyh&AN=1996-01769-019&site=ehost-live},
  urldate = {2013-11-30},
  file = {C\:\\Users\\Nami Sunami\\Zotero\\storage\\BAVPGQSI\\Downey and Feldman - 1996 - Implications of rejection sensitivity for intimate.pdf;C\:\\Users\\Nami Sunami\\Zotero\\storage\\HEEFG22S\\Downey and Feldman - 1996 - Implications of rejection sensitivity for intimate.pdf;C\:\\Users\\Nami Sunami\\Zotero\\storage\\TBUQ9CE7\\Downey and Feldman - 1996 - Implications of rejection sensitivity for intimate.pdf},
  keywords = {Questionnaires},
  number = {6},
}

@Article{feldmanRejectionSensitivityMediator1994,
  title = {Rejection Sensitivity as a Mediator of the Impact of Childhood Exposure to Family Violence on Adult Attachment Behavior},
  author = {Scott Feldman and Geraldine Downey},
  date = {1994-01},
  journaltitle = {Development and Psychopathology},
  volume = {6},
  pages = {231--247},
  issn = {1469-2198, 0954-5794},
  doi = {10.1017/S0954579400005976},
  url = {https://www.cambridge.org/core/journals/development-and-psychopathology/article/rejection-sensitivity-as-a-mediator-of-the-impact-of-childhood-exposure-to-family-violence-on-adult-attachment-behavior/DE0E971A3938EDF2102D722C7D7A9872},
  urldate = {2016-10-04},
  file = {C\:\\Users\\Nami Sunami\\Zotero\\storage\\VUGZPZ3X\\DE0E971A3938EDF2102D722C7D7A9872.html},
  number = {1},
}

@Article{learySelfesteemInterpersonalMonitor1995,
  ids = {leary1995a},
  title = {Self-Esteem as an Interpersonal Monitor: {{The}} Sociometer Hypothesis},
  shorttitle = {Self-Esteem as an Interpersonal Monitor},
  author = {Mark R. Leary and Ellen S. Tambor and Sonja K. Terdal and Deborah L. Downs},
  date = {1995-03},
  journaltitle = {Journal of Personality and Social Psychology},
  shortjournal = {Journal of Personality and Social Psychology},
  volume = {68},
  pages = {518--530},
  issn = {1939-1315},
  doi = {10.1037/0022-3514.68.3.518},
  url = {http://search.ebscohost.com/login.aspx?direct=true&db=psyh&AN=1995-25087-001&site=ehost-live},
  urldate = {2014-03-07},
  file = {C\:\\Users\\Nami Sunami\\Zotero\\storage\\6AAK5EQ4\\Leary et al. - 1995 - Self-esteem as an interpersonal monitor The socio.pdf},
  number = {3},
}
@Article{crockerCostlyPursuitSelfesteem2004,
  title = {The Costly Pursuit of Self-Esteem.},
  author = {Jennifer Crocker and Lora E. Park},
  date = {2004},
  journaltitle = {Psychological Bulletin},
  volume = {130},
  pages = {392--414},
  issn = {0033-2909},
  doi = {10.1037/0033-2909.130.3.392},
  url = {http://doi.apa.org/getdoi.cfm?doi=10.1037/0033-2909.130.3.392},
  urldate = {2014-01-12},
  file = {C\:\\Users\\Nami Sunami\\Zotero\\storage\\E7PSBGVE\\Crocker and Park - 2004 - The Costly Pursuit of Self-Esteem..pdf},
  number = {3},
}
@Article{parkResponsesSelfthreatLinking2010,
  title = {Responses to Self-Threat: {{Linking}} Self and Relational Constructs with Approach and Avoidance Motivation},
  shorttitle = {Responses to {{Self}}-{{Threat}}},
  author = {Lora E. Park},
  date = {2010-03-01},
  journaltitle = {Social and Personality Psychology Compass},
  volume = {4},
  pages = {201--221},
  issn = {1751-9004},
  doi = {10.1111/j.1751-9004.2009.00247.x},
  url = {http://onlinelibrary.wiley.com/doi/10.1111/j.1751-9004.2009.00247.x/abstract},
  urldate = {2015-12-14},
  file = {C\:\\Users\\Nami Sunami\\Zotero\\storage\\ENMK59DN\\Park - 2010 - Responses to Self-Threat Linking Self and Relatio.pdf;C\:\\Users\\Nami Sunami\\Zotero\\storage\\P6998PGC\\full.html},
  langid = {english},
  number = {3},
}
@Article{downeyRejectionSensitivityChildren1998,
  title = {Rejection {{Sensitivity}} and {{Children}}'s {{Interpersonal Difficulties}}},
  author = {Geraldine Downey and Amy Lebolt and Claudia Rinc{\~A}{\textflorin}{\^A}{\maththreesuperior}n and Antonio L. Freitas},
  date = {1998},
  journaltitle = {Child Development},
  volume = {69},
  pages = {1074--1091},
  issn = {1467-8624},
  doi = {10.1111/j.1467-8624.1998.tb06161.x},
  url = {https://onlinelibrary.wiley.com/doi/abs/10.1111/j.1467-8624.1998.tb06161.x},
  urldate = {2019-01-11},
  file = {C\:\\Users\\Nami Sunami\\Zotero\\storage\\9YTJAKR7\\Downey et al_1998_Rejection Sensitivity and Children's Interpersonal Difficulties.pdf},
  langid = {english},
  number = {4},
}

@Article{downeyRejectionSensitivityMale2000,
  title = {Rejection Sensitivity and Male Violence in Romantic Relationships},
  author = {Geraldine Downey and Scott Feldman and Ozlem Ayduk},
  date = {2000-03},
  journaltitle = {Personal Relationships},
  shortjournal = {Personal Relationships},
  volume = {7},
  pages = {45--61},
  issn = {1475-6811},
  doi = {10.1111/j.1475-6811.2000.tb00003.x},
  file = {C\:\\Users\\Nami Sunami\\Zotero\\storage\\VFCHJDW6\\DOWNEY_et_al-2000-Personal_Relationships.pdf},
  number = {1},
}

@Article{downeySelffulfillingProphecyClose1998,
  ids = {downey1998a},
  title = {The Self-Fulfilling Prophecy in Close Relationships: {{Rejection}} Sensitivity and Rejection by Romantic Partners},
  shorttitle = {The Self-Fulfilling Prophecy in Close Relationships},
  author = {Geraldine Downey and Antonio L. Freitas and Benjamin Michaelis and Hala Khouri},
  date = {1998},
  journaltitle = {Journal of Personality and Social Psychology},
  volume = {75},
  pages = {545--560},
  issn = {1939-1315 0022-3514},
  doi = {10.1037/0022-3514.75.2.545},
  file = {C\:\\Users\\Nami Sunami\\Zotero\\storage\\SSNQJF9Q\\Downey et al. - 1998 - The self-fulfilling prophecy in close relationship.pdf},
  langid = {english},
  number = {2},
}
@InCollection{clarkCognitivePerspectiveSocial2001,
  title = {A Cognitive Perspective on Social Phobia},
  booktitle = {International Handbook of Social Anxiety:  {{Concepts}}, Research and Interventions Relating to the Self and Shyness},
  author = {David M. Clark},
  date = {2001},
  pages = {405--430},
  publisher = {{John Wiley \& Sons Ltd}},
  location = {{New York, NY, US}},
  file = {C\:\\Users\\Nami Sunami\\Zotero\\storage\\VBV9GCSK\\Clark - 2001 - A cognitive perspective on social phobia.pdf},
  isbn = {978-0-471-49129-3},
}
@Article{aldenInterpersonalProcessesSocial2004,
  title = {Interpersonal Processes in Social Phobia},
  author = {Lynn E. Alden and Charles T. Taylor},
  date = {2004-11},
  journaltitle = {Clinical Psychology Review},
  shortjournal = {Clinical Psychology Review},
  volume = {24},
  pages = {857--882},
  issn = {02727358},
  doi = {10.1016/j.cpr.2004.07.006},
  url = {https://linkinghub.elsevier.com/retrieve/pii/S0272735804000996},
  urldate = {2019-05-27},
  file = {C\:\\Users\\Nami Sunami\\Zotero\\storage\\LTAKGSJE\\Alden and Taylor - 2004 - Interpersonal processes in social phobia.pdf},
  langid = {english},
  number = {7},
}
@Book{horneyNeurosisHumanGrowth1991,
  title = {Neurosis and Human Growth: The Struggle toward Self-Realization},
  shorttitle = {Neurosis and Human Growth},
  author = {Karen Horney},
  date = {1991},
  publisher = {{Norton}},
  location = {{New York}},
  file = {C\:\\Users\\Nami Sunami\\Zotero\\storage\\R5B5TCEG\\Horney_1991_Neurosis and human growth.pdf},
  isbn = {978-0-393-30775-7},
  pagetotal = {391},
}
@Article{londonSocialCausesConsequences2007,
  title = {Social Causes and Consequences of Rejection Sensitivity},
  author = {Bonita London and Geraldine Downey and Cheryl Bonica and Iris Paltin},
  date = {2007-09},
  journaltitle = {Journal of Research on Adolescence},
  shortjournal = {Journal of Research on Adolescence},
  volume = {17},
  pages = {481--506},
  issn = {1532-7795},
  doi = {10.1111/j.1532-7795.2007.00531.x},
  url = {http://search.ebscohost.com/login.aspx?direct=true&db=psyh&AN=2007-12936-001&site=ehost-live},
  urldate = {2013-12-24},
  file = {C\:\\Users\\Nami Sunami\\Zotero\\storage\\ATZRVABV\\London et al. - 2007 - Social causes and consequences of rejection sensit.pdf;C\:\\Users\\Nami Sunami\\Zotero\\storage\\KFKNAUHV\\London et al_2007_Social Causes and Consequences of Rejection Sensitivity.pdf},
  number = {3},
}
@Article{rivaChronicSocialExclusion2017,
  title = {Chronic Social Exclusion and Evidence for the Resignation Stage: {{An}} Empirical Investigation},
  shorttitle = {Chronic Social Exclusion and Evidence for the Resignation Stage},
  author = {Paolo Riva and Lorenzo Montali and James H. Wirth and Simona Curioni and Kipling D. Williams},
  date = {2017-06-01},
  journaltitle = {Journal of Social and Personal Relationships},
  shortjournal = {Journal of Social and Personal Relationships},
  volume = {34},
  pages = {541--564},
  issn = {0265-4075},
  doi = {10.1177/0265407516644348},
  url = {https://doi.org/10.1177/0265407516644348},
  urldate = {2018-04-23},
  file = {C\:\\Users\\Nami Sunami\\Zotero\\storage\\YXKLHPDJ\\Riva et al_2017_Chronic social exclusion and evidence for the resignation stage.pdf},
  langid = {english},
  number = {4},
}

@Thesis{zadroOstracismEmpiricalStudies2004,
  title = {Ostracism: {{Empirical}} Studies Inspired by Real-World Experiences of Silence and Exclusion},
  shorttitle = {Ostracism},
  author = {Lisa Zadro},
  date = {2004},
  file = {C\:\\Users\\Nami Sunami\\Zotero\\storage\\PUQM9FMX\\Zadro - 2004 - Ostracism Empirical studies inspired by real-worl.pdf},
  langid = {english},
}
@Article{elliotApproachAvoidanceMotivation2006,
  title = {Approach and Avoidance Motivation in the Social Domain},
  author = {Andrew J. Elliot and Shelly L. Gable and Rachael R. Mapes},
  date = {2006-03-01},
  journaltitle = {Personality and Social Psychology Bulletin},
  shortjournal = {Pers Soc Psychol Bull},
  volume = {32},
  pages = {378--391},
  issn = {0146-1672, 1552-7433},
  doi = {10.1177/0146167205282153},
  url = {http://psp.sagepub.com/content/32/3/378},
  urldate = {2014-11-25},
  eprint = {16455864},
  eprinttype = {pmid},
  file = {C\:\\Users\\Nami Sunami\\Zotero\\storage\\55QPKAQJ\\Elliot et al. - 2006 - Approach and Avoidance Motivation in the Social Do.pdf;C\:\\Users\\Nami Sunami\\Zotero\\storage\\85QUFNTG\\Elliot et al. - 2006 - Approach and Avoidance Motivation in the Social Do.pdf;C\:\\Users\\Nami Sunami\\Zotero\\storage\\MBMV5UVQ\\378.html;C\:\\Users\\Nami Sunami\\Zotero\\storage\\PA2IU9C2\\378.html},
  keywords = {Goals,scale},
  langid = {english},
  number = {3},
}
@Article{murrayOptimizingAssuranceRisk2006,
  title = {Optimizing Assurance: {{The}} Risk Regulation System in Relationships},
  shorttitle = {Optimizing Assurance},
  author = {Sandra L. Murray and John G. Holmes and Nancy L. Collins},
  date = {2006},
  journaltitle = {Psychological Bulletin},
  volume = {132},
  pages = {641--666},
  issn = {1939-1455(Electronic);0033-2909(Print)},
  doi = {10.1037/0033-2909.132.5.641},
  file = {C\:\\Users\\Nami Sunami\\Zotero\\storage\\927FEJNM\\Murray et al. - 2006 - Optimizing assurance The risk regulation system i.pdf},
  number = {5},
}
@Article{choenaromRoleSenseBelonging2005,
  title = {The Role of Sense of Belonging and Social Support on Stress and Depression in Individuals with Depression},
  author = {Chanokruthai Choenarom and Reg Arthur Williams and Bonnie M. Hagerty},
  date = {2005-02},
  journaltitle = {Archives of Psychiatric Nursing},
  shortjournal = {Archives of Psychiatric Nursing},
  volume = {19},
  pages = {18--29},
  issn = {0883-9417},
  doi = {10.1016/j.apnu.2004.11.003},
  url = {http://www.sciencedirect.com/science/article/pii/S0883941704002274},
  urldate = {2017-03-08},
  file = {C\:\\Users\\Nami Sunami\\Zotero\\storage\\UP2T7B9V\\Choenarom et al. - 2005 - The Role of Sense of Belonging and Social Support .pdf;C\:\\Users\\Nami Sunami\\Zotero\\storage\\7QJ9WSGN\\S0883941704002274.html},
  number = {1},
}

@Article{hagertyEffectsSenseBelonging1999,
  title = {The Effects of Sense of Belonging, Social Support, Conflict, and Loneliness on Depression},
  author = {B. M. Hagerty and R. A. Williams},
  year = {1999 Jul-Aug},
  journaltitle = {Nursing Research},
  shortjournal = {Nurs Res},
  volume = {48},
  pages = {215--219},
  issn = {0029-6562},
  eprint = {10414684},
  eprinttype = {pmid},
  langid = {english},
  number = {4},
}

@Article{kimCultureSocialSupport2008,
  title = {Culture and Social Support},
  author = {Heejung S. Kim and David K. Sherman and Shelley E. Taylor},
  date = {2008},
  journaltitle = {American Psychologist},
  volume = {63},
  pages = {518--526},
  issn = {1935-990X(Electronic);0003-066X(Print)},
  doi = {10.1037/0003-066X},
  file = {C\:\\Users\\Nami Sunami\\Zotero\\storage\\5URW4PJF\\Kim et al. - 2008 - Culture and social support.pdf;C\:\\Users\\Nami Sunami\\Zotero\\storage\\TAPJXXXM\\Kim et al. (2008) Review.pdf},
  keywords = {culture,implicit social support},
  number = {6},
}
@Article{nezlekOstracismEverydayLife2012,
  ids = {nezlek2012a},
  title = {Ostracism in {{Everyday Life}}},
  author = {John B. Nezlek and Eric D. Wesselmann and Ladd Wheeler and Kipling D. Williams},
  date = {2012-05},
  journaltitle = {Group Dynamics: Theory, Research, and Practice},
  shortjournal = {Group Dynamics: Theory, Research, and Practice},
  issn = {1930-7802},
  doi = {10.1037/a0028029},
  url = {http://search.ebscohost.com/login.aspx?direct=true&db=psyh&AN=2012-12087-001&site=ehost-live},
  urldate = {2013-10-26},
  file = {C\:\\Users\\Nami Sunami\\Zotero\\storage\\UGVBQUWP\\Nezlek et al. - 2012 - Ostracism in Everyday Life.pdf},
}
@Article{mehtaTestosteroneCortisolJointly2010,
  title = {Testosterone and Cortisol Jointly Regulate Dominance: {{Evidence}} for a Dual-Hormone Hypothesis},
  shorttitle = {Testosterone and Cortisol Jointly Regulate Dominance},
  author = {Pranjal H. Mehta and Robert A. Josephs},
  date = {2010-11},
  journaltitle = {Hormones and Behavior},
  shortjournal = {Hormones and Behavior},
  volume = {58},
  pages = {898--906},
  issn = {0018-506X},
  doi = {10.1016/j.yhbeh.2010.08.020},
  url = {http://www.sciencedirect.com/science/article/pii/S0018506X10002412},
  urldate = {2014-12-12},
  file = {C\:\\Users\\Nami Sunami\\Zotero\\storage\\VASACMS6\\Mehta and Josephs - 2010 - Testosterone and cortisol jointly regulate dominan.pdf;C\:\\Users\\Nami Sunami\\Zotero\\storage\\7TCANJI4\\S0018506X10002412.html},
  number = {5},
}

@Article{platjeTestosteroneCortisolRelation2015,
  title = {Testosterone and Cortisol in Relation to Aggression in a Non-Clinical Sample of Boys and Girls},
  author = {Evelien Platje and Arne Popma and Robert R.J.M. Vermeiren and Theo A.H. Doreleijers and Wim H.J. Meeus and Pol A.C. {van Lier} and Hans M. Koot and Susan J.T. Branje and Lucres M.C. Jansen},
  date = {2015-09-01},
  journaltitle = {Aggressive Behavior},
  shortjournal = {Aggr. Behav.},
  volume = {41},
  pages = {478--487},
  issn = {1098-2337},
  doi = {10.1002/ab.21585},
  url = {http://onlinelibrary.wiley.com/doi/10.1002/ab.21585/abstract},
  urldate = {2016-08-12},
  file = {C\:\\Users\\Nami Sunami\\Zotero\\storage\\K5EUUH4T\\Platje et al. - 2015 - Testosterone and cortisol in relation to aggressio.pdf;C\:\\Users\\Nami Sunami\\Zotero\\storage\\MUH2Q8M6\\Platje et al. - 2015 - Testosterone and cortisol in relation to aggressio.pdf;C\:\\Users\\Nami Sunami\\Zotero\\storage\\8GKJPV3C\\abstract.html;C\:\\Users\\Nami Sunami\\Zotero\\storage\\9E7ZTZRG\\abstract.html},
  langid = {english},
  number = {5},
  options = {useprefix=true},
}

@Article{romero-martinezTestosteroneCortisolRatio2013,
  title = {Testosterone/Cortisol Ratio in Response to Acute Stress: A Possible Marker of Risk for Marital Violence},
  shorttitle = {Testosterone/Cortisol Ratio in Response to Acute Stress},
  author = {A. Romero-Mart{\~A}{\textflorin}{\^A}\-nez and E. Gonz{\~A}{\textflorin}{\^A}{\textexclamdown}lez-Bono and M. Lila and L. Moya-Albiol},
  date = {2013},
  journaltitle = {Social Neuroscience},
  shortjournal = {Soc Neurosci},
  volume = {8},
  pages = {240--247},
  issn = {1747-0927},
  doi = {10.1080/17470919.2013.772072},
  eprint = {23428161},
  eprinttype = {pmid},
  file = {C\:\\Users\\Nami Sunami\\Zotero\\storage\\I3XFDIP9\\Testosterone cortisol ratio in response to acute stress A possible marker of risk for marital violence.pdf},
  langid = {english},
  number = {3},
}
@Article{diamondEveryTimeYou2008,
  title = {Every Time You Go Away: {{Changes}} in Affect, Behavior, and Physiology Associated with Travel-Related Separations from Romantic Partners.},
  shorttitle = {Every Time You Go Away},
  author = {Lisa M. Diamond and Angela M. Hicks and Kimberly D. Otter-Henderson},
  date = {2008},
  journaltitle = {Journal of Personality and Social Psychology},
  volume = {95},
  pages = {385--403},
  issn = {1939-1315, 0022-3514},
  doi = {10.1037/0022-3514.95.2.385},
  url = {http://doi.apa.org/getdoi.cfm?doi=10.1037/0022-3514.95.2.385},
  urldate = {2018-08-03},
  file = {C\:\\Users\\Nami Sunami\\Zotero\\storage\\AVAVUG7W\\Diamond et al. - 2008 - Every time you go away Changes in affect, behavio.pdf},
  langid = {english},
  number = {2},
}
@Article{stroebeRoleLonelinessSocial1996,
  title = {The Role of Loneliness and Social Support in Adjustment to Loss: {{A}} Test of Attachment versus Stress Theory.},
  shorttitle = {The Role of Loneliness and Social Support in Adjustment to Loss},
  author = {Wolfgang Stroebe and Margaret Stroebe and Georgios Abakoumkin and Henk Schut},
  date = {1996},
  journaltitle = {Journal of Personality and Social Psychology},
  volume = {70},
  pages = {1241--1249},
  issn = {1939-1315, 0022-3514},
  doi = {10.1037/0022-3514.70.6.1241},
  url = {http://doi.apa.org/getdoi.cfm?doi=10.1037/0022-3514.70.6.1241},
  urldate = {2018-08-03},
  file = {C\:\\Users\\Nami Sunami\\Zotero\\storage\\3ZZD2RIX\\Stroebe et al_1996_The role of loneliness and social support in adjustment to loss.pdf},
  langid = {english},
  number = {6},
}
@InCollection{batsonAltruismProsocialBehavior2003,
  title = {Altruism and {{Prosocial Behavior}}},
  booktitle = {Handbook of {{Psychology}}},
  author = {C. Daniel Batson and Adam A. Powell},
  date = {2003},
  publisher = {{John Wiley \& Sons, Inc.}},
  url = {http://onlinelibrary.wiley.com/doi/10.1002/0471264385.wei0519/abstract},
  urldate = {2016-08-26},
  file = {C\:\\Users\\Nami Sunami\\Zotero\\storage\\ZGBACRVP\\abstract.html},
  isbn = {978-0-471-26438-5},
  langid = {english},
}
@Article{bormannImmersedVirtualWorlds2015,
  ids = {bormann2015a},
  title = {Immersed in {{Virtual Worlds}} and {{Minds}}: {{Effects}} of {{In}}-{{Game Storytelling}} on {{Immersion}}, {{Need Satisfaction}}, and {{Affective Theory}} of {{Mind}}},
  shorttitle = {Immersed in {{Virtual Worlds}} and {{Minds}}},
  author = {Daniel Bormann and Tobias Greitemeyer},
  date = {2015-08-01},
  journaltitle = {Social Psychological and Personality Science},
  shortjournal = {Social Psychological and Personality Science},
  volume = {6},
  pages = {646--652},
  publisher = {{SAGE Publications Inc}},
  issn = {1948-5506},
  doi = {10.1177/1948550615578177},
  url = {https://doi.org/10.1177/1948550615578177},
  urldate = {2020-06-04},
  file = {C\:\\Users\\Nami Sunami\\Zotero\\storage\\WI4PGWBY\\Bormann_Greitemeyer_2015_Immersed in Virtual Worlds and Minds.pdf},
  langid = {english},
  number = {6},
}
@Article{brownExaminingFourProcesses2015,
  ids = {brown2015a},
  title = {Examining {{Four Processes}} of {{Audience Involvement}} with {{Media Personae}}: {{Transportation}}, {{Parasocial Interaction}}, {{Identification}}, and {{Worship}}},
  shorttitle = {Examining {{Four Processes}} of {{Audience Involvement}} with {{Media Personae}}},
  author = {William J. Brown},
  date = {2015-08-01},
  journaltitle = {Communication Theory},
  shortjournal = {Commun Theory},
  volume = {25},
  pages = {259--283},
  publisher = {{Oxford Academic}},
  issn = {1050-3293},
  doi = {10.1111/comt.12053},
  url = {http://academic.oup.com/ct/article/25/3/259/4061170},
  urldate = {2020-07-09},
  file = {C\:\\Users\\Nami Sunami\\Zotero\\storage\\8QEAUHZA\\Brown_2015_Examining Four Processes of Audience Involvement with Media Personae.pdf;C\:\\Users\\Nami Sunami\\Zotero\\storage\\224HIWI5\\4061170.html},
  langid = {english},
  number = {3},
}
@Book{domschStoryplayingAgencyNarrative2013,
  ids = {domsch2013a},
  title = {Storyplaying: {{Agency}} and {{Narrative}} in {{Video Games}}},
  shorttitle = {Storyplaying},
  author = {Sebastian Domsch},
  date = {2013},
  publisher = {{De Gruyter}},
  doi = {10.1515/9783110272451},
  url = {https://library.oapen.org/handle/20.500.12657/24643},
  urldate = {2020-07-06},
  annotation = {Accepted: 2020-01-07 16:47:06},
  file = {C\:\\Users\\Nami Sunami\\Zotero\\storage\\4RG4RJY3\\Domsch_2013_Storyplaying.pdf;C\:\\Users\\Nami Sunami\\Zotero\\storage\\U39HK7KW\\24643.html},
  isbn = {978-3-11-027216-1 978-3-11-027245-1},
  langid = {english},
}
@Article{ericksonExperimentalExaminationBinge2019,
  ids = {erickson2019a},
  title = {An {{Experimental Examination}} of {{Binge Watching}} and {{Narrative Engagement}}},
  author = {Sarah E. Erickson and Sonya {Dal Cin} and Hannah Byl},
  date = {2019-01},
  journaltitle = {Social Sciences},
  volume = {8},
  pages = {19},
  publisher = {{Multidisciplinary Digital Publishing Institute}},
  doi = {10.3390/socsci8010019},
  url = {https://www.mdpi.com/2076-0760/8/1/19},
  urldate = {2020-07-09},
  file = {C\:\\Users\\Nami Sunami\\Zotero\\storage\\533UHA3Q\\Erickson et al_2019_An Experimental Examination of Binge Watching and Narrative Engagement.pdf;C\:\\Users\\Nami Sunami\\Zotero\\storage\\H6H7ZWH7\\Erickson et al_2019_An Experimental Examination of Binge Watching and Narrative Engagement.pdf;C\:\\Users\\Nami Sunami\\Zotero\\storage\\7WNSGTH2\\19.html;C\:\\Users\\Nami Sunami\\Zotero\\storage\\J8X94THR\\htm.html},
  issue = {1},
  langid = {english},
  number = {1},
}
@InCollection{greenTransportationTheory2017,
  ids = {green2017b},
  title = {Transportation {{Theory}}},
  booktitle = {The {{International Encyclopedia}} of {{Media Effects}}},
  author = {Melanie C. Green and Marc Sestir},
  date = {2017},
  pages = {1--14},
  publisher = {{American Cancer Society}},
  doi = {10.1002/9781118783764.wbieme0083},
  url = {https://onlinelibrary.wiley.com/doi/abs/10.1002/9781118783764.wbieme0083},
  urldate = {2020-09-03},
  annotation = {\_eprint: https://onlinelibrary.wiley.com/doi/pdf/10.1002/9781118783764.wbieme0083},
  file = {C\:\\Users\\Nami Sunami\\Zotero\\storage\\S8D7URW3\\Green_Sestir_2017_Transportation Theory.pdf;C\:\\Users\\Nami Sunami\\Zotero\\storage\\5IJRR74H\\9781118783764.html},
  isbn = {978-1-118-78376-4},
  langid = {english},
}
@Article{slaterExtendingConceptualizationMeasurement2018,
  ids = {slater2018a},
  title = {Extending {{Conceptualization}} and {{Measurement}} of {{Narrative Engagement After}}-the-{{Fact}}: {{Parasocial Relationship}} and {{Retrospective Imaginative Involvement}}},
  shorttitle = {Extending {{Conceptualization}} and {{Measurement}} of {{Narrative Engagement After}}-the-{{Fact}}},
  author = {Michael D. Slater and David R. Ewoldsen and Kelsey W. Woods},
  date = {2018-07-03},
  journaltitle = {Media Psychology},
  volume = {21},
  pages = {329--351},
  publisher = {{Routledge}},
  issn = {1521-3269},
  doi = {10.1080/15213269.2017.1328313},
  url = {https://doi.org/10.1080/15213269.2017.1328313},
  urldate = {2020-07-07},
  annotation = {\_eprint: https://doi.org/10.1080/15213269.2017.1328313},
  file = {C\:\\Users\\Nami Sunami\\Zotero\\storage\\8V7XBF5L\\Slater et al_2018_Extending Conceptualization and Measurement of Narrative Engagement.pdf;C\:\\Users\\Nami Sunami\\Zotero\\storage\\9NDNMM7I\\15213269.2017.html},
  number = {3},
}
@Article{vordererEnjoymentHeartMedia2004,
  ids = {vorderer2004a},
  title = {Enjoyment: {{At}} the {{Heart}} of {{Media Entertainment}}},
  shorttitle = {Enjoyment},
  author = {Peter Vorderer and Christoph Klimmt and Ute Ritterfeld},
  date = {2004},
  journaltitle = {Communication Theory},
  volume = {14},
  pages = {388--408},
  issn = {1468-2885},
  doi = {10.1111/j.1468-2885.2004.tb00321.x},
  url = {http://onlinelibrary.wiley.com/doi/abs/10.1111/j.1468-2885.2004.tb00321.x},
  urldate = {2020-07-07},
  annotation = {\_eprint: https://onlinelibrary.wiley.com/doi/pdf/10.1111/j.1468-2885.2004.tb00321.x},
  file = {C\:\\Users\\Nami Sunami\\Zotero\\storage\\TRAYQAL9\\Vorderer et al_2004_Enjoyment.pdf;C\:\\Users\\Nami Sunami\\Zotero\\storage\\L7HFHLSZ\\j.1468-2885.2004.tb00321.html},
  langid = {english},
  number = {4},
}
@Article{radloffCESDScaleSelfReport1977,
  ids = {radloff1977a},
  title = {The {{CES}}-{{D Scale A Self}}-{{Report Depression Scale}} for {{Research}} in the {{General Population}}},
  author = {Lenore Sawyer Radloff},
  date = {1977-06-01},
  journaltitle = {Applied Psychological Measurement},
  shortjournal = {Applied Psychological Measurement},
  volume = {1},
  pages = {385--401},
  issn = {0146-6216, 1552-3497},
  doi = {10.1177/014662167700100306},
  url = {http://apm.sagepub.com/content/1/3/385},
  urldate = {2013-11-02},
  file = {C\:\\Users\\Nami Sunami\\Zotero\\storage\\XMWDGERF\\Radloff - 1977 - The CES-D Scale A Self-Report Depression Scale for.pdf;C\:\\Users\\Nami Sunami\\Zotero\\storage\\ZES2AR3Q\\v01n3p385.pdf;C\:\\Users\\Nami Sunami\\Zotero\\storage\\S3UH3KUQ\\385.html;C\:\\Users\\Nami Sunami\\Zotero\\storage\\WK99NQDG\\385.html},
  langid = {english},
  number = {3},
}
@Article{cellaPROMISAdultHealth2019,
  ids = {cella2019a},
  title = {{{PROMIS}}Â® {{Adult Health Profiles}}: {{Efficient Short}}-{{Form Measures}} of {{Seven Health Domains}}},
  shorttitle = {{{PROMIS}}Â® {{Adult Health Profiles}}},
  author = {David Cella and Seung W. Choi and David M. Condon and Ben Schalet and Ron D. Hays and Nan E. Rothrock and Susan Yount and Karon F. Cook and Richard C. Gershon and Dagmar Amtmann and Darren A. DeWalt and Paul A. Pilkonis and Arthur A. Stone and Kevin Weinfurt and Bryce B. Reeve},
  date = {2019-05},
  journaltitle = {Value in Health: The Journal of the International Society for Pharmacoeconomics and Outcomes Research},
  shortjournal = {Value Health},
  volume = {22},
  pages = {537--544},
  issn = {1524-4733},
  doi = {10.1016/j.jval.2019.02.004},
  eprint = {31104731},
  eprinttype = {pmid},
  file = {C\:\\Users\\Nami Sunami\\Zotero\\storage\\MR9VQ5NZ\\Cella et al_2019_PROMISÂ® Adult Health Profiles.pdf},
  langid = {english},
  number = {5},
  pmcid = {PMC7201383},
}

@Article{hahnNewEnglishSpanish2014,
  ids = {hahn2014a},
  title = {New {{English}} and {{Spanish}} Social Health Measures Will Facilitate Evaluating Health Determinants},
  author = {Elizabeth A. Hahn and Darren A. DeWalt and Rita K. Bode and Sofia F. Garcia and Robert F. DeVellis and Helena Correia and David Cella and {PROMIS Cooperative Group}},
  date = {2014-05},
  journaltitle = {Health Psychology: Official Journal of the Division of Health Psychology, American Psychological Association},
  shortjournal = {Health Psychol},
  volume = {33},
  pages = {490--499},
  issn = {1930-7810},
  doi = {10.1037/hea0000055},
  eprint = {24447188},
  eprinttype = {pmid},
  file = {C\:\\Users\\Nami Sunami\\Zotero\\storage\\WF8US7LS\\Hahn et al. - 2014 - New English and Spanish social health measures wil.pdf},
  langid = {english},
  number = {5},
  pmcid = {PMC4159098},
}
@Article{hoffmanRacialBiasPain2016,
  ids = {hoffman2016a},
  title = {Racial Bias in Pain Assessment and Treatment Recommendations, and False Beliefs about Biological Differences between Blacks and Whites},
  author = {Kelly M. Hoffman and Sophie Trawalter and Jordan R. Axt and M. Norman Oliver},
  date = {2016-04-19},
  journaltitle = {Proceedings of the National Academy of Sciences},
  shortjournal = {PNAS},
  volume = {113},
  pages = {4296--4301},
  publisher = {{National Academy of Sciences}},
  issn = {0027-8424, 1091-6490},
  doi = {10.1073/pnas.1516047113},
  url = {http://www.pnas.org/content/113/16/4296},
  urldate = {2020-09-25},
  eprint = {27044069},
  eprinttype = {pmid},
  file = {C\:\\Users\\Nami Sunami\\Zotero\\storage\\I8JFDRAF\\Hoffman et al_2016_Racial bias in pain assessment and treatment recommendations, and false beliefs.pdf;C\:\\Users\\Nami Sunami\\Zotero\\storage\\9WXHRDN8\\4296.html},
  langid = {english},
  number = {16},
}
@InProceedings{davisMultidimensionalApproachIndividual1980,
  ids = {davis1980a},
  title = {A Multidimensional Approach to Individual Difference in Empathy},
  booktitle = {{{JSAS Catalog}} of {{Selected Documents}} in {{Psychology}}},
  author = {Mark H. Davis},
  date = {1980},
  pages = {85},
  file = {C\:\\Users\\Nami Sunami\\Zotero\\storage\\XPR92EUY\\Davis_Davis_1980_A multidimensional approach to individual difference in empathy.pdf;C\:\\Users\\Nami Sunami\\Zotero\\storage\\89JWGB3E\\summary.html},
}
@Article{snyderSelfmonitoringExpressiveBehavior1974,
  ids = {snyder1974a},
  title = {Self-Monitoring of Expressive Behavior},
  author = {Mark Snyder},
  date = {1974},
  journaltitle = {Journal of Personality and Social Psychology},
  volume = {30},
  pages = {526--537},
  publisher = {{American Psychological Association}},
  location = {{US}},
  issn = {1939-1315(Electronic),0022-3514(Print)},
  doi = {10.1037/h0037039},
  file = {C\:\\Users\\Nami Sunami\\Zotero\\storage\\BIRKCPQF\\Snyder_1974_Self-monitoring of expressive behavior.pdf;C\:\\Users\\Nami Sunami\\Zotero\\storage\\KSUN2MYE\\1975-03047-001.html},
  number = {4},
}
@Article{miron-spektorMicrofoundationsOrganizationalParadox2018,
  ids = {miron-spektor2018a},
  title = {Microfoundations of {{Organizational Paradox}}: {{The Problem Is How We Think}} about the {{Problem}}},
  shorttitle = {Microfoundations of {{Organizational Paradox}}},
  author = {Ella Miron-Spektor and Amy Ingram and Joshua Keller and Wendy K. Smith and Marianne W. Lewis},
  date = {2018-02},
  journaltitle = {Academy of Management Journal},
  shortjournal = {AMJ},
  volume = {61},
  pages = {26--45},
  issn = {0001-4273, 1948-0989},
  doi = {10.5465/amj.2016.0594},
  url = {http://journals.aom.org/doi/10.5465/amj.2016.0594},
  urldate = {2020-07-30},
  file = {C\:\\Users\\Nami Sunami\\Zotero\\storage\\YTZYGWLB\\Miron-Spektor et al. - 2018 - Microfoundations of Organizational Paradox The Pr.pdf},
  langid = {english},
  number = {1},
}
@Article{zhangParadoxicalLeaderBehaviors2015,
  ids = {zhang2015a},
  title = {Paradoxical {{Leader Behaviors}} in {{People Management}}: {{Antecedents}} and {{Consequences}}},
  shorttitle = {Paradoxical {{Leader Behaviors}} in {{People Management}}},
  author = {Yan Zhang and David A. Waldman and Yu-Lan Han and Xiao-Bei Li},
  date = {2015-04},
  journaltitle = {Academy of Management Journal},
  shortjournal = {AMJ},
  volume = {58},
  pages = {538--566},
  issn = {0001-4273, 1948-0989},
  doi = {10.5465/amj.2012.0995},
  url = {http://journals.aom.org/doi/10.5465/amj.2012.0995},
  urldate = {2020-07-30},
  file = {C\:\\Users\\Nami Sunami\\Zotero\\storage\\2SLD2K97\\Zhang et al. - 2015 - Paradoxical Leader Behaviors in People Management.pdf},
  langid = {english},
  number = {2},
}
@Article{haslamMaintainingGroupMemberships2008,
  ids = {haslam2008a},
  title = {Maintaining Group Memberships: Social Identity Continuity Predicts Well-Being after Stroke},
  shorttitle = {Maintaining Group Memberships},
  author = {Catherine Haslam and Abigail Holme and S. Alexander Haslam and Aarti Iyer and Jolanda Jetten and W. Huw Williams},
  year = {2008 Oct-Dec},
  journaltitle = {Neuropsychological Rehabilitation},
  shortjournal = {Neuropsychol Rehabil},
  volume = {18},
  pages = {671--691},
  issn = {0960-2011},
  doi = {10.1080/09602010701643449},
  eprint = {18924001},
  eprinttype = {pmid},
  file = {C\:\\Users\\Nami Sunami\\Zotero\\storage\\HSFSSKFV\\Haslam et al_2008_Maintaining group memberships.pdf},
  langid = {english},
  number = {5-6},
}
@Article{adlerRelationshipSubjectiveObjective2000,
  ids = {adler2000a},
  title = {Relationship of Subjective and Objective Social Status with Psychological and Physiological Functioning: {{Preliminary}} Data in Healthy, {{White}} Women},
  shorttitle = {Relationship of Subjective and Objective Social Status with Psychological and Physiological Functioning},
  author = {Nancy E. Adler and Elissa S. Epel and Grace Castellazzo and Jeannette R. Ickovics},
  date = {2000},
  journaltitle = {Health Psychology},
  volume = {19},
  pages = {586--592},
  publisher = {{American Psychological Association}},
  location = {{US}},
  issn = {1930-7810(Electronic),0278-6133(Print)},
  doi = {10.1037/0278-6133.19.6.586},
  file = {C\:\\Users\\Nami Sunami\\Zotero\\storage\\PQWPFCJY\\Adler et al_2000_Relationship of subjective and objective social status with psychological and.pdf;C\:\\Users\\Nami Sunami\\Zotero\\storage\\JHN4R8MY\\2000-16348-011.html},
  number = {6},
}
@Article{funkTestingRulerItem2007,
  ids = {funk2007a},
  title = {Testing the Ruler with Item Response Theory: {{Increasing}} Precision of Measurement for Relationship Satisfaction with the {{Couples Satisfaction Index}}.},
  shorttitle = {Testing the Ruler with Item Response Theory},
  author = {Janette L. Funk and Ronald D. Rogge},
  date = {2007},
  journaltitle = {Journal of Family Psychology},
  shortjournal = {Journal of Family Psychology},
  volume = {21},
  pages = {572--583},
  issn = {1939-1293, 0893-3200},
  doi = {10.1037/0893-3200.21.4.572},
  url = {http://doi.apa.org/getdoi.cfm?doi=10.1037/0893-3200.21.4.572},
  urldate = {2020-08-04},
  file = {C\:\\Users\\Nami Sunami\\Zotero\\storage\\CKSCV5AM\\Funk and Rogge - 2007 - Testing the ruler with item response theory Incre.pdf},
  langid = {english},
  number = {4},
}
@Article{aronInclusionOtherSelf1992,
  ids = {aron1992a},
  title = {Inclusion of {{Other}} in the {{Self Scale}} and the Structure of Interpersonal Closeness.},
  author = {Arthur Aron and Elaine N. Aron and Danny Smollan},
  date = {1992},
  journaltitle = {Journal of Personality and Social Psychology},
  volume = {63},
  pages = {596--612},
  issn = {0022-3514},
  doi = {10.1037/0022-3514.63.4.596},
  url = {http://doi.apa.org/getdoi.cfm?doi=10.1037/0022-3514.63.4.596},
  urldate = {2017-12-07},
  file = {C\:\\Users\\Nami Sunami\\Zotero\\storage\\35E5XLRP\\Aron et al_1992_Inclusion of Other in the Self Scale and the structure of interpersonal.pdf},
  langid = {english},
  number = {4},
}
@Article{gableSafelyTestingAlarm2012,
  ids = {gable2012a},
  title = {Safely Testing the Alarm: Close Others' Responses to Personal Positive Events},
  shorttitle = {Safely Testing the Alarm},
  author = {Shelly L. Gable and Courtney L. Gosnell and Natalya C. Maisel and Amy Strachman},
  date = {2012-12},
  journaltitle = {Journal of Personality and Social Psychology},
  shortjournal = {J Pers Soc Psychol},
  volume = {103},
  pages = {963--981},
  issn = {1939-1315},
  doi = {10.1037/a0029488},
  eprint = {22889071},
  eprinttype = {pmid},
  file = {C\:\\Users\\Nami Sunami\\Zotero\\storage\\6EHE8ES5\\Gable et al_2012_Safely testing the alarm.pdf},
  langid = {english},
  number = {6},
}
@Article{postmusAbusiveBehaviorInventory2015,
  ids = {postmus2015a},
  title = {The {{Abusive Behavior Inventory}}â€“{{Revised}}},
  author = {Judy L. Postmus and Amanda Mathisen Stylianou and Sarah McMahon},
  date = {2015-04-21},
  journaltitle = {Journal of Interpersonal Violence},
  shortjournal = {J Interpers Violence},
  pages = {0886260515581882},
  issn = {0886-2605, 1552-6518},
  doi = {10.1177/0886260515581882},
  url = {http://jiv.sagepub.com/content/early/2015/04/20/0886260515581882},
  urldate = {2016-08-21},
  eprint = {25900914},
  eprinttype = {pmid},
  file = {C\:\\Users\\Nami Sunami\\Zotero\\storage\\WKR9A9NA\\Postmus et al. - 2015 - The Abusive Behavior Inventoryâ€“Revised.pdf;C\:\\Users\\Nami Sunami\\Zotero\\storage\\APBR8UXQ\\0886260515581882.html},
  keywords = {_duplicate},
  langid = {english},
}
@Article{donnellanAssociationLonelinessBathing2015,
  ids = {donnellan2015a},
  title = {On the Association between Loneliness and Bathing Habits: Nine Replications of {{Bargh}} and {{Shalev}} (2012) {{Study}} 1},
  shorttitle = {On the Association between Loneliness and Bathing Habits},
  author = {M. Brent Donnellan and Richard E. Lucas and Joseph Cesario},
  date = {2015-02},
  journaltitle = {Emotion},
  shortjournal = {Emotion},
  volume = {15},
  pages = {109--119},
  issn = {1931-1516},
  doi = {10.1037/a0036079},
  eprint = {24821396},
  eprinttype = {pmid},
  file = {C\:\\Users\\Nami Sunami\\Zotero\\storage\\LSI5FHE3\\Donnellan et al_2015_On the association between loneliness and bathing habits.pdf},
  langid = {english},
  number = {1},
}
@Article{graham-kevanPhysicalAggressionControl2003,
  ids = {graham-kevan2003a},
  title = {Physical Aggression and Control in Heterosexual Relationships: {{The}} Effect of Sampling},
  shorttitle = {Physical Aggression and Control in Heterosexual Relationships},
  author = {Nicola Graham-Kevan and John Archer},
  date = {2003-04},
  journaltitle = {Violence and Victims},
  shortjournal = {Violence Vict},
  volume = {18},
  pages = {181--196},
  issn = {0886-6708},
  doi = {10.1891/vivi.2003.18.2.181},
  eprint = {12816403},
  eprinttype = {pmid},
  file = {C\:\\Users\\Nami Sunami\\Zotero\\storage\\6YJSM5H9\\Graham-Kevan_Archer_2003_Physical aggression and control in heterosexual relationships.docx;C\:\\Users\\Nami Sunami\\Zotero\\storage\\EQB56UM8\\graham-kevan2003.pdf;C\:\\Users\\Nami Sunami\\Zotero\\storage\\JS26THV6\\Graham-Kevan and Archer - 2003 - Physical Aggression and Control in Heterosexual Re.pdf},
  langid = {english},
  number = {2},
}
@Article{cepeda-benitoDevelopmentValidationState2000,
  ids = {cepeda-benito2000a},
  title = {The Development and Validation of the State and Trait Food-Cravings Questionnaires},
  author = {Antonio Cepeda-Benito and David H. Gleaves and Tara L. Williams and Stephen A. Erath},
  date = {2000-12-01},
  journaltitle = {Behavior Therapy},
  shortjournal = {Behavior Therapy},
  volume = {31},
  pages = {151--173},
  issn = {0005-7894},
  doi = {10.1016/S0005-7894(00)80009-X},
  url = {http://www.sciencedirect.com/science/article/pii/S000578940080009X},
  urldate = {2020-08-05},
  file = {C\:\\Users\\Nami Sunami\\Zotero\\storage\\SCTTUPF9\\Cepeda-Benito et al_2000_The development and validation of the state and trait food-cravings.pdf;C\:\\Users\\Nami Sunami\\Zotero\\storage\\HSJC248B\\S000578940080009X.html},
  langid = {english},
  number = {1},
}
@Article{stunkardThreefactorEatingQuestionnaire1985,
  ids = {stunkard1985a},
  title = {The Three-Factor Eating Questionnaire to Measure Dietary Restraint, Disinhibition and Hunger},
  author = {A. J. Stunkard and S. Messick},
  date = {1985},
  journaltitle = {Journal of Psychosomatic Research},
  shortjournal = {J Psychosom Res},
  volume = {29},
  pages = {71--83},
  issn = {0022-3999},
  doi = {10.1016/0022-3999(85)90010-8},
  eprint = {3981480},
  eprinttype = {pmid},
  langid = {english},
  number = {1},
}
@Article{godinGodinShephardLeisureTimePhysical2011,
  ids = {godin2011a},
  title = {The {{Godin}}-{{Shephard Leisure}}-{{Time Physical Activity Questionnaire}}},
  author = {Gaston Godin},
  date = {2011},
  journaltitle = {The Health \& Fitness Journal of Canada},
  shortjournal = {Health Fit J Can},
  volume = {4},
  pages = {18--22},
  issn = {1920-6216},
  doi = {10.14288/hfjc.v4i1.82},
  url = {https://hfjc.library.ubc.ca/index.php/HFJC/article/view/82},
  urldate = {2020-08-17},
  file = {C\:\\Users\\Nami Sunami\\Zotero\\storage\\35MABBSK\\Godin_2011_The Godin-Shephard Leisure-Time Physical Activity Questionnaire.pdf;C\:\\Users\\Nami Sunami\\Zotero\\storage\\2NJRS8UT\\82.html},
  issue = {1},
  langid = {english},
  number = {1},
}

@Article{godinSimpleMethodAssess1985,
  ids = {godin1985a},
  title = {A Simple Method to Assess Exercise Behavior in the Community},
  author = {Gaston Godin and R. J. Shephard},
  date = {1985-09},
  journaltitle = {Canadian Journal of Applied Sport Sciences. Journal Canadien Des Sciences Appliquees Au Sport},
  shortjournal = {Can J Appl Sport Sci},
  volume = {10},
  pages = {141--146},
  issn = {0700-3978},
  eprint = {4053261},
  eprinttype = {pmid},
  file = {C\:\\Users\\Nami Sunami\\Zotero\\storage\\F9KYJZ74\\Godin_Shephard_1985_A simple method to assess exercise behavior in the community.pdf},
  langid = {english},
  number = {3},
}
@Article{amireaultGodinShephardLeisuretimePhysical2015,
  ids = {amireault2015a},
  title = {The {{Godin}}-{{Shephard}} Leisure-Time Physical Activity Questionnaire: Validity Evidence Supporting Its Use for Classifying Healthy Adults into Active and Insufficiently Active Categories},
  shorttitle = {The {{Godin}}-{{Shephard}} Leisure-Time Physical Activity Questionnaire},
  author = {Steve Amireault and Gaston Godin},
  date = {2015-04},
  journaltitle = {Perceptual and Motor Skills},
  shortjournal = {Percept Mot Skills},
  volume = {120},
  pages = {604--622},
  issn = {0031-5125},
  doi = {10.2466/03.27.PMS.120v19x7},
  eprint = {25799030},
  eprinttype = {pmid},
  file = {C\:\\Users\\Nami Sunami\\Zotero\\storage\\8KB3MIJS\\Amireault_Godin_2015_The Godin-Shephard Leisure-Time Physical Activity Questionnaire.pdf;C\:\\Users\\Nami Sunami\\Zotero\\storage\\3PDD3JK2\\03.27.PMS.html},
  langid = {english},
  number = {2},
}
@Article{konrathDevelopmentValidationSingle2014,
  ids = {konrath2014a},
  title = {Development and {{Validation}} of the {{Single Item Narcissism Scale}} ({{SINS}})},
  author = {Sara Konrath and Brian P. Meier and Brad J. Bushman},
  date = {2014-08-05},
  journaltitle = {PLoS ONE},
  shortjournal = {PLoS ONE},
  volume = {9},
  pages = {e103469},
  doi = {10.1371/journal.pone.0103469},
  url = {http://dx.doi.org/10.1371/journal.pone.0103469},
  urldate = {2015-09-07},
  file = {C\:\\Users\\Nami Sunami\\Zotero\\storage\\3GAD33Z9\\Konrath et al. - 2014 - Development and Validation of the Single Item Narc.pdf;C\:\\Users\\Nami Sunami\\Zotero\\storage\\84EHMB58\\journal.pone.0103469.s001.DOCX},
  number = {8},
}
@Article{cohenGlobalMeasurePerceived1983,
  ids = {cohen1983a},
  title = {A {{Global Measure}} of {{Perceived Stress}}},
  author = {Sheldon Cohen and Tom Kamarck and Robin Mermelstein},
  date = {1983},
  journaltitle = {Journal of Health and Social Behavior},
  volume = {24},
  pages = {385--396},
  publisher = {{[American Sociological Association, Sage Publications, Inc.]}},
  issn = {0022-1465},
  doi = {10.2307/2136404},
  eprint = {2136404},
  eprinttype = {jstor},
  file = {C\:\\Users\\Nami Sunami\\Zotero\\storage\\QGI22K9Y\\Cohen et al_1983_A Global Measure of Perceived Stress.pdf},
  number = {4},
}
@Article{roetsItemSelectionValidation2011,
  ids = {roets2011a},
  title = {Item Selection and Validation of a Brief, 15-Item Version of the {{Need}} for {{Closure Scale}}},
  author = {Arne Roets and Alain {Van Hiel}},
  date = {2011-01-31},
  volume = {50},
  pages = {90--94},
  issn = {0191-8869},
  doi = {10.1016/j.paid.2010.09.004},
  file = {C\:\\Users\\Nami Sunami\\Zotero\\storage\\7BAP25GY\\1-s2.0-S0191886910004344-main.pdf},
}
@Article{proulxCaseTransmogrifyingExperimenter2008,
  ids = {proulx2008a},
  title = {The Case of the Transmogrifying Experimenter Affirmation of a Moral Schema Following Implicit Change Detection},
  author = {Travis Proulx and Steven J. Heine},
  date = {2008-12-01},
  journaltitle = {Psychological Science},
  shortjournal = {Psychological Science},
  volume = {19},
  pages = {1294--1300},
  issn = {0956-7976, 1467-9280},
  doi = {10.1111/j.1467-9280.2008.02238.x},
  url = {http://pss.sagepub.com/content/19/12/1294},
  urldate = {2016-08-11},
  eprint = {19121140},
  eprinttype = {pmid},
  file = {C\:\\Users\\Nami Sunami\\Zotero\\storage\\K27EP8TZ\\Proulx and Heine - 2008 - The Case of the Transmogrifying Experimenter Affir.pdf;C\:\\Users\\Nami Sunami\\Zotero\\storage\\YXIART6A\\Prostitution.doc;C\:\\Users\\Nami Sunami\\Zotero\\storage\\TZCMV9QQ\\1294.html},
  langid = {english},
  number = {12},
}
@Article{bernsteinPreferenceGenuineSmiles2010,
  title = {A Preference for Genuine Smiles Following Social Exclusion},
  author = {Michael J. Bernstein and Donald F. Sacco and Christina M. Brown and Steven G. Young and Heather M. Claypool},
  date = {2010-01},
  journaltitle = {Journal of Experimental Social Psychology},
  shortjournal = {Journal of Experimental Social Psychology},
  volume = {46},
  pages = {196--199},
  issn = {0022-1031},
  doi = {10.1016/j.jesp.2009.08.010},
  url = {http://www.sciencedirect.com/science/article/pii/S0022103109002133},
  urldate = {2015-12-03},
  file = {C\:\\Users\\Nami Sunami\\Zotero\\storage\\JJD5SE7V\\1-s2.0-S0022103109002133-main.pdf;C\:\\Users\\Nami Sunami\\Zotero\\storage\\ET5UGMKS\\S0022103109002133.html},
  number = {1},
}

@Article{troisiThreatenedBelongingPreference2015,
  title = {Threatened Belonging and Preference for Comfort Food among the Securely Attached},
  author = {Jordan D. Troisi and Shira Gabriel and Jaye L. Derrick and Alyssa Geisler},
  date = {2015-07-01},
  journaltitle = {Appetite},
  shortjournal = {Appetite},
  volume = {90},
  pages = {58--64},
  issn = {1095-8304},
  doi = {10.1016/j.appet.2015.02.029},
  eprint = {25728881},
  eprinttype = {pmid},
  file = {C\:\\Users\\Nami Sunami\\Zotero\\storage\\82WNTKQG\\Troisi et al. - 2015 - Threatened belonging and preference for comfort fo.pdf;C\:\\Users\\Nami Sunami\\Zotero\\storage\\UWB5JFBX\\S0195666315000768.html},
  keywords = {Affiliation,comfort food,passive},
  langid = {english},
}

@Article{bernsteinPreferenceGenuineSmiles2010,
  title = {A Preference for Genuine Smiles Following Social Exclusion},
  author = {Michael J. Bernstein and Donald F. Sacco and Christina M. Brown and Steven G. Young and Heather M. Claypool},
  date = {2010-01},
  journaltitle = {Journal of Experimental Social Psychology},
  volume = {46},
  pages = {196--199},
  issn = {0022-1031},
  doi = {10.1016/j.jesp.2009.08.010},
  url = {http://www.sciencedirect.com/science/article/pii/S0022103109002133},
  urldate = {2011-12-22},
  file = {C\:\\Users\\Nami Sunami\\Zotero\\storage\\D86NGN9G\\Bernstein et al. - 2010 - A preference for genuine smiles following social e.pdf},
  keywords = {Affiliation,Need to Belong,Read,Rejection},
  number = {1},
}

@Article{troisiThreatenedBelongingPreference2015,
  title = {Threatened Belonging and Preference for Comfort Food among the Securely Attached},
  author = {Jordan D. Troisi and Shira Gabriel and Jaye L. Derrick and Alyssa Geisler},
  date = {2015-07-01},
  journaltitle = {Appetite},
  shortjournal = {Appetite},
  volume = {90},
  pages = {58--64},
  issn = {1095-8304},
  doi = {10.1016/j.appet.2015.02.029},
  eprint = {25728881},
  eprinttype = {pmid},
  file = {C\:\\Users\\Nami Sunami\\Zotero\\storage\\VM44QAKW\\Troisi et al. - 2015 - Threatened belonging and preference for comfort fo.pdf;C\:\\Users\\Nami Sunami\\Zotero\\storage\\W38GVGPT\\S0195666315000768.html},
  keywords = {Affiliation,Passive},
  langid = {english},
}

@Article{troisiThreatenedBelongingPreference2015,
  title = {Threatened Belonging and Preference for Comfort Food among the Securely Attached},
  author = {Jordan D. Troisi and Shira Gabriel and Jaye L. Derrick and Alyssa Geisler},
  date = {2015-07},
  journaltitle = {Appetite},
  volume = {90},
  pages = {58--64},
  issn = {01956663},
  doi = {10.1016/j.appet.2015.02.029},
  url = {http://linkinghub.elsevier.com/retrieve/pii/S0195666315000768},
  urldate = {2018-04-29},
  file = {C\:\\Users\\Nami Sunami\\Zotero\\storage\\7SKQ6EI2\\Troisi et al. - 2015 - Threatened belonging and preference for comfort fo.pdf},
  langid = {english},
}
@Article{hauserAreManipulationChecks2018,
  title = {Are {{Manipulation Checks Necessary}}?},
  author = {David J. Hauser and Phoebe C. Ellsworth and Richard Gonzalez},
  date = {2018},
  journaltitle = {Frontiers in Psychology},
  shortjournal = {Front. Psychol.},
  volume = {9},
  issn = {1664-1078},
  doi = {10.3389/fpsyg.2018.00998},
  url = {https://www.frontiersin.org/articles/10.3389/fpsyg.2018.00998/full},
  urldate = {2018-10-09},
  file = {C\:\\Users\\Nami Sunami\\Zotero\\storage\\NZIJFS2B\\Hauser et al_2018_Are Manipulation Checks Necessary.pdf},
  keywords = {manipulation check},
  langid = {english},
}
@Article{heiderExperimentalStudyApparent1944,
  ids = {heider1944a},
  title = {An {{Experimental Study}} of {{Apparent Behavior}}},
  author = {Fritz Heider and Marianne Simmel},
  date = {1944},
  journaltitle = {The American Journal of Psychology},
  volume = {57},
  pages = {243--259},
  publisher = {{University of Illinois Press}},
  issn = {0002-9556},
  doi = {10.2307/1416950},
  eprint = {1416950},
  eprinttype = {jstor},
  file = {C\:\\Users\\Nami Sunami\\Zotero\\storage\\N6URFNF6\\Heider_Simmel_1944_An Experimental Study of Apparent Behavior.pdf},
  number = {2},
}

@Article{schollPerceptualCausalityAnimacy2000,
  ids = {scholl2000a},
  title = {Perceptual Causality and Animacy},
  author = {Brian J Scholl and Patrice D Tremoulet},
  date = {2000-08-01},
  journaltitle = {Trends in Cognitive Sciences},
  shortjournal = {Trends in Cognitive Sciences},
  volume = {4},
  pages = {299--309},
  issn = {1364-6613},
  doi = {10.1016/S1364-6613(00)01506-0},
  url = {http://www.sciencedirect.com/science/article/pii/S1364661300015060},
  urldate = {2020-09-01},
  file = {C\:\\Users\\Nami Sunami\\Zotero\\storage\\E6G2QB68\\Scholl_Tremoulet_2000_Perceptual causality and animacy.pdf;C\:\\Users\\Nami Sunami\\Zotero\\storage\\KTZDIUTB\\S1364661300015060.html},
  langid = {english},
  number = {8},
}
@Article{lakensSimulationBasedPowerAnalysisFactorial2019,
  ids = {lakens2019a},
  title = {Simulation-{{Based Power}}-{{Analysis}} for {{Factorial ANOVA Designs}}},
  author = {Dani{\~A}{\textflorin}{\^A}{\guillemotleft}l Lakens and Aaron R. Caldwell},
  date = {2019-05-28T18:42:32},
  publisher = {{PsyArXiv}},
  doi = {10.31234/osf.io/baxsf},
  url = {https://psyarxiv.com/baxsf/},
  urldate = {2020-08-13},
  file = {C\:\\Users\\Nami Sunami\\Zotero\\storage\\9GS57UXI\\Lakens_Caldwell_2019_Simulation-Based Power-Analysis for Factorial ANOVA Designs.pdf;C\:\\Users\\Nami Sunami\\Zotero\\storage\\59TIBI8S\\baxsf.html},
}
@Article{lakensEquivalenceTestsPractical2017,
  ids = {lakens2017a},
  title = {Equivalence {{Tests}}: {{A Practical Primer}} for t {{Tests}}, {{Correlations}}, and {{Meta}}-{{Analyses}}},
  shorttitle = {Equivalence {{Tests}}},
  author = {Dani{\~A}{\textflorin}{\^A}{\guillemotleft}l Lakens},
  date = {2017-05-01},
  journaltitle = {Social Psychological and Personality Science},
  shortjournal = {Social Psychological and Personality Science},
  volume = {8},
  pages = {355--362},
  issn = {1948-5506},
  doi = {10.1177/1948550617697177},
  url = {https://doi.org/10.1177/1948550617697177},
  urldate = {2017-10-25},
  file = {C\:\\Users\\Nami Sunami\\Zotero\\storage\\D64AIFFS\\Lakens - 2017 - Equivalence Tests A Practical Primer for t Tests,.pdf},
  langid = {english},
  number = {4},
}

@Article{laneEstimatingEffectSize1978,
  ids = {lane1978a},
  title = {Estimating Effect Size: {{Bias}} Resulting from the Significance Criterion in Editorial Decisions},
  shorttitle = {Estimating Effect Size},
  author = {David M. Lane and William P. Dunlap},
  date = {1978},
  journaltitle = {British Journal of Mathematical and Statistical Psychology},
  volume = {31},
  pages = {107--112},
  issn = {2044-8317},
  doi = {10.1111/j.2044-8317.1978.tb00578.x},
  url = {https://onlinelibrary.wiley.com/doi/abs/10.1111/j.2044-8317.1978.tb00578.x},
  urldate = {2020-09-09},
  annotation = {\_eprint: https://onlinelibrary.wiley.com/doi/pdf/10.1111/j.2044-8317.1978.tb00578.x},
  file = {C\:\\Users\\Nami Sunami\\Zotero\\storage\\6THRCE9S\\j.2044-8317.1978.tb00578.html},
  langid = {english},
  number = {2},
}
@Article{richardOneHundredYears2003,
  title = {One Hundred Years of Social Psychology Quantitatively Described},
  author = {F. D. Richard and Charles F. Bond and Juli J. Stokes-zoota},
  date = {2003},
  journaltitle = {Review of General Psychology},
  pages = {331--363},
  doi = {10.1037/1089-2680.7.4.331},
  file = {C\:\\Users\\Nami Sunami\\Zotero\\storage\\DR479GYY\\Richard et al_2003_One hundred years of social psychology quantitatively described.pdf},
}
@Software{kadokawacorporationRPGMakerMV2015,
  title = {{{RPG Maker MV}}},
  author = {{KADOKAWA Corporation}},
  date = {2015},
}
@InProceedings{yeeMenHealMore2011,
  ids = {yee2011a},
  title = {Do Men Heal More When in Drag? Conflicting Identity Cues between User and Avatar},
  shorttitle = {Do Men Heal More When in Drag?},
  booktitle = {Proceedings of the {{SIGCHI Conference}} on {{Human Factors}} in {{Computing Systems}}},
  author = {Nick Yee and Nicolas Ducheneaut and Mike Yao and Les Nelson},
  date = {2011-05-07},
  pages = {773--776},
  publisher = {{Association for Computing Machinery}},
  location = {{New York, NY, USA}},
  doi = {10.1145/1978942.1979054},
  url = {https://doi.org/10.1145/1978942.1979054},
  urldate = {2020-12-02},
  file = {C\:\\Users\\Nami Sunami\\Zotero\\storage\\XMX3Q659\\Yee et al_2011_Do men heal more when in drag.pdf},
  isbn = {978-1-4503-0228-9},
  series = {{{CHI}} '11},
}
@Article{paikPlayfulGenderSwapping2013,
  ids = {paik2013a},
  title = {Playful Gender Swapping: User Attitudes toward Gender in {{MMORPG}} Avatar Customisation},
  shorttitle = {Playful Gender Swapping},
  author = {Paul Chul-ho Paik and Chung-Kon Shi},
  date = {2013-12-01},
  journaltitle = {Digital Creativity},
  volume = {24},
  pages = {310--326},
  publisher = {{Routledge}},
  issn = {1462-6268},
  doi = {10.1080/14626268.2013.767275},
  url = {https://doi.org/10.1080/14626268.2013.767275},
  urldate = {2020-12-02},
  annotation = {\_eprint: https://doi.org/10.1080/14626268.2013.767275},
  file = {C\:\\Users\\Nami Sunami\\Zotero\\storage\\VCV8WG3Q\\Paik_Shi_2013_Playful gender swapping.pdf;C\:\\Users\\Nami Sunami\\Zotero\\storage\\YEWDAW6L\\14626268.2013.html},
  number = {4},
}

@Article{ratanWomenKeepIt2019,
  title = {Women {{Keep}} It {{Real}}: {{Avatar Gender Choice}} in {{League}} of {{Legends}}},
  shorttitle = {Women {{Keep}} It {{Real}}},
  author = {Rabindra A. Ratan and Joseph A. Fordham and Alex P. Leith and Dmitri Williams},
  date = {2019-03-08},
  journaltitle = {Cyberpsychology, Behavior, and Social Networking},
  volume = {22},
  pages = {254--257},
  publisher = {{Mary Ann Liebert, Inc., publishers}},
  issn = {2152-2715},
  doi = {10.1089/cyber.2018.0302},
  url = {https://www.liebertpub.com/doi/abs/10.1089/cyber.2018.0302},
  urldate = {2020-07-13},
  file = {C\:\\Users\\Nami Sunami\\Zotero\\storage\\2LLI7IWP\\cyber.2018.0302.pdf;C\:\\Users\\Nami Sunami\\Zotero\\storage\\8JXJHZZF\\Ratan et al_2019_Women Keep it Real.pdf;C\:\\Users\\Nami Sunami\\Zotero\\storage\\X25MEEVC\\cyber.2018.html},
  number = {4},
}
@Article{cacioppoLonelinessSpecificRisk2006,
  ids = {cacioppo2006a},
  title = {Loneliness as a Specific Risk Factor for Depressive Symptoms: {{Cross}}-Sectional and Longitudinal Analyses},
  shorttitle = {Loneliness as a Specific Risk Factor for Depressive Symptoms},
  author = {John T. Cacioppo and Mary Elizabeth Hughes and Linda J. Waite and Louise C. Hawkley and Ronald A. Thisted},
  date = {2006-03},
  journaltitle = {Psychology and Aging},
  shortjournal = {Psychology and Aging},
  volume = {21},
  pages = {140--151},
  issn = {1939-1498},
  doi = {10.1037/0882-7974.21.1.140},
  url = {http://search.ebscohost.com/login.aspx?direct=true&db=psyh&AN=2006-03906-014&site=ehost-live},
  urldate = {2014-05-07},
  file = {C\:\\Users\\Nami Sunami\\Zotero\\storage\\NT7BWGHP\\Cacioppo et al. - 2006 - Loneliness as a specific risk factor for depressiv.pdf},
  number = {1},
}

@Article{jaremkaLonelinessPredictsPain2013,
  ids = {jaremka2013a},
  title = {Loneliness Predicts Pain, Depression, and Fatigue: {{Understanding}} the Role of Immune Dysregulation},
  shorttitle = {Loneliness {{Predicts Pain}}, {{Depression}}, and {{Fatigue}}},
  author = {Lisa M. Jaremka and Christopher P. Fagundes and Ronald Glaser and Jeanette M. Bennett and William B. Malarkey and Janice K. Kiecolt-Glaser},
  date = {2013-08},
  journaltitle = {Psychoneuroendocrinology},
  shortjournal = {Psychoneuroendocrinology},
  volume = {38},
  pages = {1310--1317},
  issn = {0306-4530},
  doi = {10.1016/j.psyneuen.2012.11.016},
  url = {http://www.ncbi.nlm.nih.gov/pmc/articles/PMC3633610/},
  urldate = {2015-01-06},
  eprint = {23273678},
  eprinttype = {pmid},
  file = {C\:\\Users\\Nami Sunami\\Zotero\\storage\\HINADM2D\\Jaremka et al. - 2013 - Loneliness Predicts Pain, Depression, and Fatigue.pdf},
  number = {8},
  pmcid = {PMC3633610},
}

@Article{jaremkaPainDepressionFatigue2014,
  ids = {jaremka2014a},
  title = {Pain, Depression, and Fatigue: Loneliness as a Longitudinal Risk Factor},
  shorttitle = {Pain, Depression, and Fatigue},
  author = {Lisa M. Jaremka and Rebecca R. Andridge and Christopher P. Fagundes and Catherine M. Alfano and Stephen P. Povoski and Adele M. Lipari and Doreen M. Agnese and Mark W. Arnold and William B. Farrar and Lisa D. Yee and William E. Carson and Tanios Bekaii-Saab and Edward W. Martin and Carl R. Schmidt and Janice K. Kiecolt-Glaser},
  date = {2014-09},
  journaltitle = {Health Psychology: Official Journal of the Division of Health Psychology, American Psychological Association},
  shortjournal = {Health Psychol},
  volume = {33},
  pages = {948--957},
  issn = {1930-7810},
  doi = {10.1037/a0034012},
  eprint = {23957903},
  eprinttype = {pmid},
  file = {C\:\\Users\\Nami Sunami\\Zotero\\storage\\N6IE6SH3\\ContentServer.asp.pdf},
  langid = {english},
  number = {9},
  pmcid = {PMC3992976},
}

@Article{jaremkaLonelinessPredictsPain2013,
  title = {Loneliness Predicts Pain, Depression, and Fatigue: Understanding the Role of Immune Dysregulation},
  shorttitle = {Loneliness Predicts Pain, Depression, and Fatigue},
  author = {Lisa M. Jaremka and Christopher P. Fagundes and Ronald Glaser and Jeanette M. Bennett and William B. Malarkey and Janice K. Kiecolt-Glaser},
  date = {2013-08},
  journaltitle = {Psychoneuroendocrinology},
  shortjournal = {Psychoneuroendocrinology},
  volume = {38},
  pages = {1310--1317},
  issn = {1873-3360},
  doi = {10.1016/j.psyneuen.2012.11.016},
  eprint = {23273678},
  eprinttype = {pmid},
  keywords = {Adult,Aged,Antibodies; Viral,Breast Neoplasms,Cytomegalovirus,Depression,Fatigue,Female,Herpesvirus 4; Human,Humans,Loneliness,Middle Aged,Pain,Survivors},
  langid = {english},
  number = {8},
  pmcid = {PMC3633610},
}
@Article{hartgerinkOrdinalEffectsOstracism2015,
  ids = {hartgerink2015a},
  title = {The Ordinal Effects of Ostracism: {{A}} Meta-Analysis of 120 Cyberball Studies},
  shorttitle = {The {{Ordinal Effects}} of {{Ostracism}}},
  author = {Chris H. J. Hartgerink and Ilja {van Beest} and Jelte M. Wicherts and Kipling D. Williams},
  date = {2015-05-29},
  journaltitle = {PLoS ONE},
  shortjournal = {PLoS ONE},
  volume = {10},
  pages = {e0127002},
  doi = {10.1371/journal.pone.0127002},
  url = {http://dx.doi.org/10.1371/journal.pone.0127002},
  urldate = {2015-11-27},
  file = {C\:\\Users\\Nami Sunami\\Zotero\\storage\\DB4NZWPV\\Hartgerink et al. - 2015 - The Ordinal Effects of Ostracism A Meta-Analysis .pdf},
  number = {5},
  options = {useprefix=true},
}

@Article{hartgerinkOrdinalEffectsOstracism2015,
  title = {The {{Ordinal Effects}} of {{Ostracism}}: {{A Meta}}-{{Analysis}} of 120 {{Cyberball Studies}}},
  shorttitle = {The {{Ordinal Effects}} of {{Ostracism}}},
  author = {Chris H. J. Hartgerink and Ilja {van Beest} and Jelte M. Wicherts and Kipling D. Williams},
  date = {2015-05-29},
  journaltitle = {PLoS ONE},
  shortjournal = {PLoS ONE},
  volume = {10},
  pages = {e0127002},
  doi = {10.1371/journal.pone.0127002},
  url = {http://dx.doi.org/10.1371/journal.pone.0127002},
  urldate = {2015-11-27},
  file = {C\:\\Users\\Nami Sunami\\Zotero\\storage\\HKEBNQKC\\Hartgerink et al. - 2015 - The Ordinal Effects of Ostracism A Meta-Analysis .pdf},
  keywords = {Review},
  number = {5},
  options = {useprefix=true},
}
@Article{gerberBeingRejectedMetaanalysis2009,
  ids = {gerber2009a},
  title = {On Being Rejected: {{A}} Meta-Analysis of Experimental Research on Rejection},
  shorttitle = {On {{Being Rejected}}},
  author = {Jonathan Gerber and Ladd Wheeler},
  date = {2009-09},
  journaltitle = {Perspectives on Psychological Science},
  volume = {4},
  pages = {468--488},
  issn = {17456916, 17456924},
  doi = {10.1111/j.1745-6924.2009.01158.x},
  url = {http://pps.sagepub.com/lookup/doi/10.1111/j.1745-6924.2009.01158.x},
  urldate = {2013-11-20},
  file = {C\:\\Users\\Nami Sunami\\Zotero\\storage\\2HPNQ3K8\\Gerber Meta-Analysis of Experimental Research on Rejection.pdf},
  keywords = {Meta Analysis},
  number = {5},
}

@Article{gerberBeingRejectedMetaanalysis2009,
  title = {On Being Rejected {{A}} Meta-Analysis of Experimental Research on Rejection},
  author = {Jonathan Gerber and Ladd Wheeler},
  date = {2009-09-01},
  journaltitle = {Perspectives on Psychological Science},
  shortjournal = {Perspectives on Psychological Science},
  volume = {4},
  pages = {468--488},
  issn = {1745-6916, 1745-6924},
  doi = {10.1111/j.1745-6924.2009.01158.x},
  url = {http://pps.sagepub.com/content/4/5/468},
  urldate = {2013-05-02},
  file = {C\:\\Users\\Nami Sunami\\Zotero\\storage\\D9GJRVXX\\Gerber and Wheeler - 2009 - On being rejected A meta-analysis of experimental.pdf;C\:\\Users\\Nami Sunami\\Zotero\\storage\\VE7DI4MB\\Gerber and Wheeler - 2009 - On Being Rejected A Meta-Analysis of Experimental .pdf},
  keywords = {Affiliation,Aggression,Emotions,Need to Belong,Rejection},
  langid = {english},
  number = {5},
}
@Article{bradleyMeasuringEmotionSelfAssessment1994,
  ids = {bradley1994a},
  title = {Measuring Emotion: The {{Self}}-{{Assessment Manikin}} and the {{Semantic Differential}}},
  shorttitle = {Measuring Emotion},
  author = {M. M. Bradley and Peter J. Lang},
  date = {1994-03},
  journaltitle = {Journal of Behavior Therapy and Experimental Psychiatry},
  shortjournal = {J Behav Ther Exp Psychiatry},
  volume = {25},
  pages = {49--59},
  issn = {0005-7916},
  eprint = {7962581},
  eprinttype = {pmid},
  file = {C\:\\Users\\Nami Sunami\\Zotero\\storage\\IHW27AU5\\AffectivePictureSystemSelfMesurement.pdf},
  langid = {english},
  number = {1},
}
@InCollection{langBehavioralTreatmentBiobehavioral1980,
  ids = {lang1980a},
  title = {Behavioral Treatment and Bio-Behavioral Assessment: Computer Applications},
  shorttitle = {Behavioral Treatment and Bio-Behavioral Assessment},
  booktitle = {Technology in Mental Health Care Delivery Systems},
  author = {Peter J. Lang},
  editor = {JB Sidowski and JH Johnson and TA Williams},
  date = {1980},
  pages = {119-l37},
  publisher = {{Ablex}},
  file = {C\:\\Users\\Nami Sunami\\Zotero\\storage\\WHXTIMCC\\Lang_1980_Behavioral treatment and bio-behavioral assessment.pdf},
}
@InCollection{kruglanskiMotivationsJudgingKnowing1990,
  ids = {kruglanski1990a},
  title = {Motivations for Judging and Knowing: {{Implications}} for Causal Attribution},
  shorttitle = {Motivations for Judging and Knowing},
  booktitle = {Handbook of Motivation and Cognition:  {{Foundations}} of Social Behavior, {{Vol}}. 2.},
  author = {Arie W. Kruglanski},
  date = {1990},
  pages = {333--368},
  publisher = {{The Guilford Press}},
  location = {{New York, NY, US}},
  file = {C\:\\Users\\Nami Sunami\\Zotero\\storage\\IHUHF35M\\Kruglanski_1990_Motivations for judging and knowing.pdf;C\:\\Users\\Nami Sunami\\Zotero\\storage\\X5AYHZV7\\1990-98254-010.html},
  isbn = {978-0-89862-432-8 978-0-89862-667-4},
}
@Article{rosenblattEvidenceTerrorManagement1989,
  ids = {rosenblatt1989a},
  title = {Evidence for Terror Management Theory: {{I}}. {{The}} Effects of Mortality Salience on Reactions to Those Who Violate or Uphold Cultural Values},
  shorttitle = {Evidence for Terror Management Theory},
  author = {A. Rosenblatt and J. Greenberg and S. Solomon and T. Pyszczynski and D. Lyon},
  date = {1989-10},
  journaltitle = {Journal of Personality and Social Psychology},
  shortjournal = {J Pers Soc Psychol},
  volume = {57},
  pages = {681--690},
  issn = {0022-3514},
  eprint = {2795438},
  eprinttype = {pmid},
  file = {C\:\\Users\\Nami Sunami\\Zotero\\storage\\GNXGJVKI\\681.pdf},
  langid = {english},
  number = {4},
}
@Article{kooGuidelineSelectingReporting2016,
  ids = {koo2016a},
  title = {A {{Guideline}} of {{Selecting}} and {{Reporting Intraclass Correlation Coefficients}} for {{Reliability Research}}},
  author = {Terry K. Koo and Mae Y. Li},
  date = {2016-06},
  journaltitle = {Journal of Chiropractic Medicine},
  shortjournal = {J Chiropr Med},
  volume = {15},
  pages = {155--163},
  issn = {1556-3707},
  doi = {10.1016/j.jcm.2016.02.012},
  url = {https://www.ncbi.nlm.nih.gov/pmc/articles/PMC4913118/},
  urldate = {2020-07-27},
  eprint = {27330520},
  eprinttype = {pmid},
  file = {C\:\\Users\\Nami Sunami\\Zotero\\storage\\UZL23886\\Koo_Li_2016_A Guideline of Selecting and Reporting Intraclass Correlation Coefficients for.pdf},
  number = {2},
  pmcid = {PMC4913118},
}

@Book{rabe-hesketh2012a,
  title = {Multilevel and Longitudinal Modeling Using Stata},
  author = {S. Rabe-Hesketh and A. Skrondal},
  date = {2012},
  edition = {Third Edition (3rd},
  volume = {Volumes I and II},
  publisher = {{Stata Press}},
  langid = {english},
}
@InCollection{borensteinEffectSizesMetaAnalysis2019,
  ids = {borenstein2019a},
  title = {Effect {{Sizes}} for {{Meta}}-{{Analysis}}},
  booktitle = {Handbook of Research Synthesis and Meta-Analysis},
  author = {Michael Borenstein},
  editor = {Harris M. Cooper and Larry V. Hedges and Jeff C. Valentine},
  date = {2019},
  edition = {3rd edition},
  publisher = {{Russell Sage Foundation}},
  location = {{New York}},
  file = {C\:\\Users\\Nami Sunami\\Zotero\\storage\\635FDP62\\Borenstein_2019_Effect Sizes for Meta-Analysis.pdf},
  isbn = {978-0-87154-005-8},
}
@Article{peruginiSafeguardPowerProtection2014,
  ids = {perugini2014a},
  title = {Safeguard {{Power}} as a {{Protection Against Imprecise Power Estimates}}},
  author = {Marco Perugini and Marcello Gallucci and Giulio Costantini},
  date = {2014-05-01},
  journaltitle = {Perspectives on Psychological Science},
  shortjournal = {Perspect Psychol Sci},
  volume = {9},
  pages = {319--332},
  issn = {1745-6916},
  doi = {10.1177/1745691614528519},
  url = {https://doi.org/10.1177/1745691614528519},
  urldate = {2018-05-03},
  file = {C\:\\Users\\Nami Sunami\\Zotero\\storage\\R4SVRG65\\Perugini et al_2014_Safeguard Power as a Protection Against Imprecise Power Estimates.pdf},
  langid = {english},
  number = {3},
}
@Article{gableApproachAvoidanceMotives2012,
  title = {Approach and Avoidance Motives and Close Relationships},
  author = {Shelly L. Gable and Emily A. Impett},
  date = {2012-01-01},
  journaltitle = {Social and Personality Psychology Compass},
  volume = {6},
  pages = {95--108},
  issn = {1751-9004},
  doi = {10.1111/j.1751-9004.2011.00405.x},
  url = {http://onlinelibrary.wiley.com/doi/10.1111/j.1751-9004.2011.00405.x/abstract},
  urldate = {2016-01-04},
  file = {C\:\\Users\\Nami Sunami\\Zotero\\storage\\WVEDRNAU\\Gable and Impett - 2012 - Approach and Avoidance Motives and Close Relations.pdf;C\:\\Users\\Nami Sunami\\Zotero\\storage\\HUN7S52B\\full.html},
  langid = {english},
  number = {1},
}
@Article{twengeIsnItFun2003,
  ids = {twenge2003a},
  title = {â€œ{{Isn}}â€™t It Fun to Get the Respect That Weâ€™re Going to Deserve?â€ Narcissism, Social Rejection, and Aggression},
  shorttitle = {â€œ{{Isn}}â€™t {{It Fun}} to {{Get}} the {{Respect That We}}â€™re {{Going}} to {{Deserve}}?},
  author = {Jean M. Twenge and W. Keith Campbell},
  date = {2003-02-01},
  journaltitle = {Personality and Social Psychology Bulletin},
  shortjournal = {Pers Soc Psychol Bull},
  volume = {29},
  pages = {261--272},
  issn = {0146-1672, 1552-7433},
  doi = {10.1177/0146167202239051},
  url = {http://psp.sagepub.com/content/29/2/261},
  urldate = {2015-09-03},
  eprint = {15272953},
  eprinttype = {pmid},
  file = {C\:\\Users\\Nami Sunami\\Zotero\\storage\\GQBMFDFQ\\Twenge and Campbell - 2003 - â€œIsnâ€™t It Fun to Get the Respect That Weâ€™re Going .pdf;C\:\\Users\\Nami Sunami\\Zotero\\storage\\KRA3KCZS\\261.html},
  langid = {english},
  number = {2},
}
@Article{sunamiDoesProspectFulfilling2019,
  ids = {sunami2019a},
  title = {Does the Prospect of Fulfilling Belonging Affect Social Responses to Rejection? {{A}} Conceptual Replication Attempt},
  shorttitle = {Does the Prospect of Fulfilling Belonging Affect Social Responses to Rejection?},
  author = {Naoyuki Sunami and Megan A. Nadzan and Lisa M. Jaremka},
  date = {2019-04},
  journaltitle = {Social Psychological and Personality Science},
  shortjournal = {Social Psychological and Personality Science},
  volume = {10},
  pages = {307--316},
  issn = {1948-5506, 1948-5514},
  doi = {10.1177/1948550618762301},
  url = {http://journals.sagepub.com/doi/10.1177/1948550618762301},
  urldate = {2020-05-13},
  file = {C\:\\Users\\Nami Sunami\\Zotero\\storage\\ZGZPYVW6\\Sunami et al. - 2018 - Does the Prospect of Fulfilling Belonging Affect S.pdf},
  langid = {english},
  number = {3},
}
@Article{schrammPSIProcessScalesNew2008,
  ids = {schramm2008a},
  title = {The {{PSI}}-{{Process Scales}}. {{A}} New Measure to Assess the Intensity and Breadth of Parasocial Processes},
  author = {Holger Schramm and Tilo Hartmann},
  date = {2008-01},
  journaltitle = {Communications},
  volume = {33},
  issn = {0341-2059, 1613-4087},
  doi = {10.1515/COMM.2008.025},
  url = {https://www.degruyter.com/view/j/comm.2008.33.issue-4/comm.2008.025/comm.2008.025.xml},
  urldate = {2020-04-24},
  file = {C\:\\Users\\Nami Sunami\\Zotero\\storage\\K8QC64LD\\Schramm and Hartmann - 2008 - The PSI-Process Scales. A new measure to assess th.pdf},
  langid = {english},
  number = {4},
}
@Article{reysenInitialValidationReliability2019,
  ids = {reysen2019a},
  title = {Initial Validation and Reliability of the Single-Item Measure of Immersion},
  author = {Stephen Reysen and Courtney N. Plante and Sharon E. Roberts and Kathleen C. Gerbasi},
  date = {2019-09-02},
  journaltitle = {Creative Industries Journal},
  volume = {12},
  pages = {272--283},
  publisher = {{Routledge}},
  issn = {1751-0694},
  doi = {10.1080/17510694.2019.1621586},
  url = {https://doi.org/10.1080/17510694.2019.1621586},
  urldate = {2020-09-07},
  annotation = {\_eprint: https://doi.org/10.1080/17510694.2019.1621586},
  file = {C\:\\Users\\Nami Sunami\\Zotero\\storage\\IL6ISVYV\\Reysen et al_2019_Initial validation and reliability of the single-item measure of immersion.pdf;C\:\\Users\\Nami Sunami\\Zotero\\storage\\8ZT9VVF7\\17510694.2019.html},
  number = {3},
}
@Article{busselleMeasuringNarrativeEngagement2009,
  ids = {busselle2009a},
  title = {Measuring {{Narrative Engagement}}},
  author = {Rick Busselle and Helena Bilandzic},
  date = {2009-11-23},
  journaltitle = {Media Psychology},
  volume = {12},
  pages = {321--347},
  publisher = {{Routledge}},
  issn = {1521-3269},
  doi = {10.1080/15213260903287259},
  url = {https://doi.org/10.1080/15213260903287259},
  urldate = {2020-08-31},
  annotation = {\_eprint: https://doi.org/10.1080/15213260903287259},
  file = {C\:\\Users\\Nami Sunami\\Zotero\\storage\\NXZRJCPA\\Busselle_Bilandzic_2009_Measuring Narrative Engagement.pdf;C\:\\Users\\Nami Sunami\\Zotero\\storage\\3FX7TP9J\\15213260903287259.html},
  number = {4},
}
@Article{phanDevelopmentValidationGame2016,
  ids = {phan2016a,phanDevelopmentValidationGame2016a},
  title = {The {{Development}} and {{Validation}} of the {{Game User Experience Satisfaction Scale}} ({{GUESS}})},
  author = {Mikki H. Phan and Joseph R. Keebler and Barbara S. Chaparro},
  date = {2016-12-01},
  journaltitle = {Human Factors},
  shortjournal = {Hum Factors},
  volume = {58},
  pages = {1217--1247},
  publisher = {{SAGE Publications Inc}},
  issn = {0018-7208},
  doi = {10.1177/0018720816669646},
  url = {https://doi.org/10.1177/0018720816669646},
  urldate = {2020-05-25},
  file = {C\:\\Users\\Nami Sunami\\Zotero\\storage\\7L2JMI4Y\\Phan et al_2016_The Development and Validation of the Game User Experience Satisfaction Scale.pdf;C\:\\Users\\Nami Sunami\\Zotero\\storage\\968XDTTA\\Phan et al_2016_The Development and Validation of the Game User Experience Satisfaction Scale.pdf},
  langid = {english},
  number = {8},
}
@Article{hilgardIndividualDifferencesMotives2013,
  ids = {hilgard2013a},
  title = {Individual Differences in Motives, Preferences, and Pathology in Video Games: The Gaming Attitudes, Motives, and Experiences Scales ({{GAMES}})},
  shorttitle = {Individual Differences in Motives, Preferences, and Pathology in Video Games},
  author = {Joseph Hilgard and Christopher R. Engelhardt and Bruce D. Bartholow},
  date = {2013},
  journaltitle = {Frontiers in Psychology},
  shortjournal = {Front. Psychol.},
  volume = {4},
  publisher = {{Frontiers}},
  issn = {1664-1078},
  doi = {10.3389/fpsyg.2013.00608},
  url = {https://www.frontiersin.org/articles/10.3389/fpsyg.2013.00608/full},
  urldate = {2020-05-22},
  file = {C\:\\Users\\Nami Sunami\\Zotero\\storage\\RITNAGZH\\Hilgard et al_2013_Individual differences in motives, preferences, and pathology in video games.pdf},
  langid = {english},
}
@Article{gabrielBecomingVampireBeing2011,
  ids = {gabriel2011a},
  title = {Becoming a Vampire without Being Bitten: {{The}} Narrative Collective-Assimilation Hypothesis},
  author = {Shira Gabriel and Ariana F. Young},
  date = {2011-08-01},
  journaltitle = {Psychological Science},
  shortjournal = {Psychological Science},
  volume = {22},
  pages = {990--994},
  issn = {0956-7976, 1467-9280},
  doi = {10.1177/0956797611415541},
  url = {http://pss.sagepub.com/content/22/8/990},
  urldate = {2015-11-27},
  eprint = {21750250},
  eprinttype = {pmid},
  file = {C\:\\Users\\Nami Sunami\\Zotero\\storage\\68WTD8VS\\Gabriel and Young - 2011 - Becoming a Vampire Without Being Bitten The Narrat.pdf;C\:\\Users\\Nami Sunami\\Zotero\\storage\\UFSAWCF9\\990.html},
  keywords = {social surrogates},
  langid = {english},
  number = {8},
}

@Article{gabrielBecomingVampireBeing2011,
  title = {Becoming a Vampire without Being Bitten: {{The}} Narrative Collective-Assimilation Hypothesis},
  author = {Shira Gabriel and Ariana F. Young},
  date = {2011-08-01},
  journaltitle = {Psychological Science},
  shortjournal = {Psychological Science},
  volume = {22},
  pages = {990--994},
  issn = {0956-7976, 1467-9280},
  doi = {10.1177/0956797611415541},
  url = {http://pss.sagepub.com/content/22/8/990},
  urldate = {2015-11-27},
  eprint = {21750250},
  eprinttype = {pmid},
  file = {C\:\\Users\\Nami Sunami\\Zotero\\storage\\C9NQFWH6\\Gabriel and Young - 2011 - Becoming a Vampire Without Being Bitten The Narrat.pdf;C\:\\Users\\Nami Sunami\\Zotero\\storage\\TBD4T7TS\\990.html},
  langid = {english},
  number = {8},
}
@Article{vanlooyPlayerIdentificationOnline2012,
  title = {Player {{Identification}} in {{Online Games}}: {{Validation}} of a {{Scale}} for {{Measuring Identification}} in {{MMOGs}}},
  shorttitle = {Player {{Identification}} in {{Online Games}}},
  author = {Jan {Van Looy} and C{\~A}{\textflorin}{\^A}{\textcopyright}dric Courtois and Melanie De Vocht and Lieven De Marez},
  date = {2012-05-18},
  journaltitle = {Media Psychology},
  volume = {15},
  pages = {197--221},
  publisher = {{Routledge}},
  issn = {1521-3269},
  doi = {10.1080/15213269.2012.674917},
  url = {https://doi.org/10.1080/15213269.2012.674917},
  urldate = {2020-05-28},
  annotation = {\_eprint: https://doi.org/10.1080/15213269.2012.674917},
  file = {C\:\\Users\\Nami Sunami\\Zotero\\storage\\JAS2XA5Y\\Looy et al. - 2012 - Player Identification in Online Games Validation .pdf},
  number = {2},
}
@Article{troppIngroupIdentificationInclusion2016,
  ids = {tropp2016a},
  title = {Ingroup {{Identification}} as the {{Inclusion}} of {{Ingroup}} in the {{Self}}:},
  shorttitle = {Ingroup {{Identification}} as the {{Inclusion}} of {{Ingroup}} in the {{Self}}},
  author = {Linda R. Tropp and Stephen C. Wright},
  date = {2016-07-02},
  journaltitle = {Personality and Social Psychology Bulletin},
  publisher = {{Sage PublicationsSage CA: Thousand Oaks, CA}},
  doi = {10.1177/0146167201275007},
  url = {http://journals.sagepub.com/doi/10.1177/0146167201275007},
  urldate = {2020-08-24},
  file = {C\:\\Users\\Nami Sunami\\Zotero\\storage\\434KSXAP\\Tropp and Wright - 2001 - Ingroup Identification as the Inclusion of Ingroup.pdf;C\:\\Users\\Nami Sunami\\Zotero\\storage\\TMP2DBWL\\0146167201275007.pdf;C\:\\Users\\Nami Sunami\\Zotero\\storage\\LJ8FJ3CS\\0146167201275007.html},
  langid = {english},
}
@Article{granicBenefitsPlayingVideo2014,
  title = {The Benefits of Playing Video Games.},
  author = {Isabela Granic and Adam Lobel and Rutger C. M. E. Engels},
  date = {2014-01},
  journaltitle = {American Psychologist},
  shortjournal = {American Psychologist},
  volume = {69},
  pages = {66--78},
  issn = {1935-990X, 0003-066X},
  doi = {10.1037/a0034857},
  url = {http://doi.apa.org/getdoi.cfm?doi=10.1037/a0034857},
  urldate = {2020-09-22},
  file = {C\:\\Users\\Nami Sunami\\Zotero\\storage\\VDQ5DBRP\\Granic et al. - 2014 - The benefits of playing video games..pdf},
  langid = {english},
  number = {1},
}
@Article{hexa-2020a,
  title = {Hexa-/SAM-vectors},
  author = {{hexa-}},
  date = {2020},
  url = {https://github.com/hexa-/SAM-vectors},
  langid = {io},
}