@Manual{R-base,
  title = {R: A Language and Environment for Statistical Computing},
  author = {{R Core Team}},
  organization = {R Foundation for Statistical Computing},
  address = {Vienna, Austria},
  year = {2020},
  url = {https://www.R-project.org/},
}
@Manual{R-papaja,
  author = {Frederik Aust and Marius Barth},
  title = {{papaja}: {Create} {APA} manuscripts with {R Markdown}},
  year = {2020},
  note = {R package version 0.1.0.9997},
  url = {https://github.com/crsh/papaja},
}
@Manual{R-worcs,
  title = {worcs: Workflow for Open Reproducible Code in Science},
  author = {Caspar J. {van Lissa} and Aaron Peikert and Andreas M. Brandmaier},
  year = {2020},
  note = {R package version 0.1.5},
  url = {https://CRAN.R-project.org/package=worcs},
}
