
@article{vanlissaWORCSWorkflowOpen2020,
  title = {{{WORCS}}: {{A Workflow}} for {{Open Reproducible Code}} in {{Science}}},
  shorttitle = {{{WORCS}}},
  author = {Van Lissa, Caspar J. and Brandmaier, Andreas M. and Brinkman, Loek and Lamprecht, Anna-Lena and Peikert, Aaron and Struiksma, Marijn E. and Vreede, Barbara},
  year = {2020},
  month = may,
  publisher = {{OSF}},
  doi = {10.17605/OSF.IO/ZCVBS},
  abstract = {Hosted on the Open Science Framework},
  language = {en}
}


